%YAML 1.1
%TAG !u! tag:unity3d.com,2011:
--- !u!29 &1
SceneSettings:
  m_ObjectHideFlags: 0
  m_PVSData: 
  m_PVSObjectsArray: []
  m_PVSPortalsArray: []
  m_OcclusionBakeSettings:
    smallestOccluder: 5
    smallestHole: 0.25
    backfaceThreshold: 100
--- !u!104 &2
RenderSettings:
  m_ObjectHideFlags: 0
  serializedVersion: 7
  m_Fog: 0
  m_FogColor: {r: 0.5, g: 0.5, b: 0.5, a: 1}
  m_FogMode: 3
  m_FogDensity: 0.01
  m_LinearFogStart: 0
  m_LinearFogEnd: 300
  m_AmbientSkyColor: {r: 0.212, g: 0.227, b: 0.259, a: 1}
  m_AmbientEquatorColor: {r: 0.114, g: 0.125, b: 0.133, a: 1}
  m_AmbientGroundColor: {r: 0.047, g: 0.043, b: 0.035, a: 1}
  m_AmbientIntensity: 1
  m_AmbientMode: 0
  m_SkyboxMaterial: {fileID: 2100000, guid: 1ce746eab45682a42bbeeea21e016bbc, type: 2}
  m_HaloStrength: 0.5
  m_FlareStrength: 1
  m_FlareFadeSpeed: 3
  m_HaloTexture: {fileID: 0}
  m_SpotCookie: {fileID: 10001, guid: 0000000000000000e000000000000000, type: 0}
  m_DefaultReflectionMode: 0
  m_DefaultReflectionResolution: 128
  m_ReflectionBounces: 1
  m_ReflectionIntensity: 1
  m_CustomReflection: {fileID: 0}
  m_Sun: {fileID: 0}
  m_IndirectSpecularColor: {r: 0, g: 0, b: 0, a: 1}
--- !u!157 &3
LightmapSettings:
  m_ObjectHideFlags: 0
  serializedVersion: 7
  m_GIWorkflowMode: 1
  m_GISettings:
    serializedVersion: 2
    m_BounceScale: 1
    m_IndirectOutputScale: 1
    m_AlbedoBoost: 1
    m_TemporalCoherenceThreshold: 1
    m_EnvironmentLightingMode: 0
    m_EnableBakedLightmaps: 1
    m_EnableRealtimeLightmaps: 1
  m_LightmapEditorSettings:
    serializedVersion: 4
    m_Resolution: 2
    m_BakeResolution: 40
    m_TextureWidth: 1024
    m_TextureHeight: 1024
    m_AO: 0
    m_AOMaxDistance: 1
    m_CompAOExponent: 1
    m_CompAOExponentDirect: 0
    m_Padding: 2
    m_LightmapParameters: {fileID: 0}
    m_LightmapsBakeMode: 1
    m_TextureCompression: 1
    m_DirectLightInLightProbes: 1
    m_FinalGather: 0
    m_FinalGatherFiltering: 1
    m_FinalGatherRayCount: 256
    m_ReflectionCompression: 2
  m_LightingDataAsset: {fileID: 0}
  m_RuntimeCPUUsage: 25
--- !u!196 &4
NavMeshSettings:
  serializedVersion: 2
  m_ObjectHideFlags: 0
  m_BuildSettings:
    serializedVersion: 2
    agentRadius: 0.5
    agentHeight: 2
    agentSlope: 45
    agentClimb: 0.4
    ledgeDropHeight: 0
    maxJumpAcrossDistance: 0
    accuratePlacement: 0
    minRegionArea: 2
    cellSize: 0.16666667
    manualCellSize: 0
  m_NavMeshData: {fileID: 0}
--- !u!1 &280272534
GameObject:
  m_ObjectHideFlags: 0
  m_PrefabParentObject: {fileID: 0}
  m_PrefabInternal: {fileID: 0}
  serializedVersion: 4
  m_Component:
  - 4: {fileID: 280272537}
  - 114: {fileID: 280272536}
  - 114: {fileID: 280272535}
  m_Layer: 0
  m_Name: EventSystem
  m_TagString: Untagged
  m_Icon: {fileID: 0}
  m_NavMeshLayer: 0
  m_StaticEditorFlags: 0
  m_IsActive: 1
--- !u!114 &280272535
MonoBehaviour:
  m_ObjectHideFlags: 0
  m_PrefabParentObject: {fileID: 0}
  m_PrefabInternal: {fileID: 0}
  m_GameObject: {fileID: 280272534}
  m_Enabled: 1
  m_EditorHideFlags: 0
  m_Script: {fileID: 1077351063, guid: f5f67c52d1564df4a8936ccd202a3bd8, type: 3}
  m_Name: 
  m_EditorClassIdentifier: 
  m_HorizontalAxis: Horizontal
  m_VerticalAxis: Vertical
  m_SubmitButton: Submit
  m_CancelButton: Cancel
  m_InputActionsPerSecond: 10
  m_RepeatDelay: 0.5
  m_ForceModuleActive: 0
--- !u!114 &280272536
MonoBehaviour:
  m_ObjectHideFlags: 0
  m_PrefabParentObject: {fileID: 0}
  m_PrefabInternal: {fileID: 0}
  m_GameObject: {fileID: 280272534}
  m_Enabled: 1
  m_EditorHideFlags: 0
  m_Script: {fileID: -619905303, guid: f5f67c52d1564df4a8936ccd202a3bd8, type: 3}
  m_Name: 
  m_EditorClassIdentifier: 
  m_FirstSelected: {fileID: 0}
  m_sendNavigationEvents: 1
  m_DragThreshold: 5
--- !u!4 &280272537
Transform:
  m_ObjectHideFlags: 0
  m_PrefabParentObject: {fileID: 0}
  m_PrefabInternal: {fileID: 0}
  m_GameObject: {fileID: 280272534}
  m_LocalRotation: {x: 0, y: 0, z: 0, w: 1}
  m_LocalPosition: {x: 0, y: 0, z: 0}
  m_LocalScale: {x: 1, y: 1, z: 1}
  m_LocalEulerAnglesHint: {x: 0, y: 0, z: 0}
  m_Children: []
  m_Father: {fileID: 0}
  m_RootOrder: 4
--- !u!1 &301116723
GameObject:
  m_ObjectHideFlags: 0
  m_PrefabParentObject: {fileID: 0}
  m_PrefabInternal: {fileID: 0}
  serializedVersion: 4
  m_Component:
  - 224: {fileID: 301116724}
  - 222: {fileID: 301116726}
  - 114: {fileID: 301116725}
  m_Layer: 5
  m_Name: Text
  m_TagString: Untagged
  m_Icon: {fileID: 0}
  m_NavMeshLayer: 0
  m_StaticEditorFlags: 0
  m_IsActive: 1
--- !u!224 &301116724
RectTransform:
  m_ObjectHideFlags: 0
  m_PrefabParentObject: {fileID: 0}
  m_PrefabInternal: {fileID: 0}
  m_GameObject: {fileID: 301116723}
  m_LocalRotation: {x: 0, y: 0, z: 0, w: 1}
  m_LocalPosition: {x: 0, y: 0, z: 0}
  m_LocalScale: {x: 1, y: 1, z: 1}
  m_LocalEulerAnglesHint: {x: 0, y: 0, z: 0}
  m_Children: []
  m_Father: {fileID: 1397752325}
  m_RootOrder: 0
  m_AnchorMin: {x: 0, y: 0}
  m_AnchorMax: {x: 1, y: 1}
  m_AnchoredPosition: {x: 0, y: 0}
  m_SizeDelta: {x: 0, y: 0}
  m_Pivot: {x: 0.5, y: 0.5}
--- !u!114 &301116725
MonoBehaviour:
  m_ObjectHideFlags: 0
  m_PrefabParentObject: {fileID: 0}
  m_PrefabInternal: {fileID: 0}
  m_GameObject: {fileID: 301116723}
  m_Enabled: 1
  m_EditorHideFlags: 0
  m_Script: {fileID: 708705254, guid: f5f67c52d1564df4a8936ccd202a3bd8, type: 3}
  m_Name: 
  m_EditorClassIdentifier: 
  m_Material: {fileID: 0}
  m_Color: {r: 0.61987835, g: 0.8764607, b: 0.9411765, a: 1}
  m_RaycastTarget: 1
  m_OnCullStateChanged:
    m_PersistentCalls:
      m_Calls: []
    m_TypeName: UnityEngine.UI.MaskableGraphic+CullStateChangedEvent, UnityEngine.UI,
      Version=1.0.0.0, Culture=neutral, PublicKeyToken=null
  m_FontData:
    m_Font: {fileID: 12800000, guid: 87c6b93464bcc904b963bfa50f6cb276, type: 3}
    m_FontSize: 40
    m_FontStyle: 0
    m_BestFit: 0
    m_MinSize: 10
    m_MaxSize: 40
    m_Alignment: 4
    m_AlignByGeometry: 0
    m_RichText: 1
    m_HorizontalOverflow: 0
    m_VerticalOverflow: 0
    m_LineSpacing: 1
  m_Text: Back
--- !u!222 &301116726
CanvasRenderer:
  m_ObjectHideFlags: 0
  m_PrefabParentObject: {fileID: 0}
  m_PrefabInternal: {fileID: 0}
  m_GameObject: {fileID: 301116723}
--- !u!1 &322258477
GameObject:
  m_ObjectHideFlags: 0
  m_PrefabParentObject: {fileID: 100000, guid: 7328b9d532bb4456ba00f3d3e1a5189a, type: 3}
  m_PrefabInternal: {fileID: 1567582783}
  serializedVersion: 4
  m_Component:
  - 4: {fileID: 1567582784}
  - 33: {fileID: 322258480}
  - 23: {fileID: 322258479}
  - 95: {fileID: 322258478}
  m_Layer: 0
  m_Name: Base_Shooter
  m_TagString: Untagged
  m_Icon: {fileID: 0}
  m_NavMeshLayer: 0
  m_StaticEditorFlags: 0
  m_IsActive: 1
--- !u!95 &322258478
Animator:
  serializedVersion: 3
  m_ObjectHideFlags: 0
  m_PrefabParentObject: {fileID: 9500000, guid: 7328b9d532bb4456ba00f3d3e1a5189a,
    type: 3}
  m_PrefabInternal: {fileID: 1567582783}
  m_GameObject: {fileID: 322258477}
  m_Enabled: 1
  m_Avatar: {fileID: 9000000, guid: 7328b9d532bb4456ba00f3d3e1a5189a, type: 3}
  m_Controller: {fileID: 0}
  m_CullingMode: 0
  m_UpdateMode: 0
  m_ApplyRootMotion: 0
  m_LinearVelocityBlending: 0
  m_WarningMessage: 
  m_HasTransformHierarchy: 1
  m_AllowConstantClipSamplingOptimization: 1
--- !u!23 &322258479
MeshRenderer:
  m_ObjectHideFlags: 0
  m_PrefabParentObject: {fileID: 2300000, guid: 7328b9d532bb4456ba00f3d3e1a5189a,
    type: 3}
  m_PrefabInternal: {fileID: 1567582783}
  m_GameObject: {fileID: 322258477}
  m_Enabled: 1
  m_CastShadows: 1
  m_ReceiveShadows: 1
  m_MotionVectors: 1
  m_LightProbeUsage: 1
  m_ReflectionProbeUsage: 1
  m_Materials:
  - {fileID: 2100000, guid: 71864da51b92b4b238ca5137f74c5490, type: 2}
  - {fileID: 2100000, guid: 71864da51b92b4b238ca5137f74c5490, type: 2}
  - {fileID: 2100000, guid: 71864da51b92b4b238ca5137f74c5490, type: 2}
  - {fileID: 2100000, guid: 71864da51b92b4b238ca5137f74c5490, type: 2}
  - {fileID: 2100000, guid: 71864da51b92b4b238ca5137f74c5490, type: 2}
  - {fileID: 2100000, guid: 71864da51b92b4b238ca5137f74c5490, type: 2}
  - {fileID: 2100000, guid: 71864da51b92b4b238ca5137f74c5490, type: 2}
  m_SubsetIndices: 
  m_StaticBatchRoot: {fileID: 0}
  m_ProbeAnchor: {fileID: 0}
  m_LightProbeVolumeOverride: {fileID: 0}
  m_ScaleInLightmap: 1
  m_PreserveUVs: 0
  m_IgnoreNormalsForChartDetection: 0
  m_ImportantGI: 0
  m_SelectedWireframeHidden: 0
  m_MinimumChartSize: 4
  m_AutoUVMaxDistance: 0.5
  m_AutoUVMaxAngle: 89
  m_LightmapParameters: {fileID: 0}
  m_SortingLayerID: 0
  m_SortingOrder: 0
--- !u!33 &322258480
MeshFilter:
  m_ObjectHideFlags: 0
  m_PrefabParentObject: {fileID: 3300000, guid: 7328b9d532bb4456ba00f3d3e1a5189a,
    type: 3}
  m_PrefabInternal: {fileID: 1567582783}
  m_GameObject: {fileID: 322258477}
  m_Mesh: {fileID: 4300000, guid: 7328b9d532bb4456ba00f3d3e1a5189a, type: 3}
--- !u!1001 &392168542
Prefab:
  m_ObjectHideFlags: 0
  serializedVersion: 2
  m_Modification:
    m_TransformParent: {fileID: 1735917583}
    m_Modifications:
    - target: {fileID: 400000, guid: 12798b2e8a9ec4a36af55920bfeaa278, type: 3}
      propertyPath: m_LocalPosition.x
      value: -0.15884158
      objectReference: {fileID: 0}
    - target: {fileID: 400000, guid: 12798b2e8a9ec4a36af55920bfeaa278, type: 3}
      propertyPath: m_LocalPosition.y
      value: 0.32142422
      objectReference: {fileID: 0}
    - target: {fileID: 400000, guid: 12798b2e8a9ec4a36af55920bfeaa278, type: 3}
      propertyPath: m_LocalPosition.z
      value: 1.5586386
      objectReference: {fileID: 0}
    - target: {fileID: 400000, guid: 12798b2e8a9ec4a36af55920bfeaa278, type: 3}
      propertyPath: m_LocalRotation.x
      value: -0.7071068
      objectReference: {fileID: 0}
    - target: {fileID: 400000, guid: 12798b2e8a9ec4a36af55920bfeaa278, type: 3}
      propertyPath: m_LocalRotation.y
      value: -0
      objectReference: {fileID: 0}
    - target: {fileID: 400000, guid: 12798b2e8a9ec4a36af55920bfeaa278, type: 3}
      propertyPath: m_LocalRotation.z
      value: -0
      objectReference: {fileID: 0}
    - target: {fileID: 400000, guid: 12798b2e8a9ec4a36af55920bfeaa278, type: 3}
      propertyPath: m_LocalRotation.w
      value: 0.7071067
      objectReference: {fileID: 0}
    - target: {fileID: 400000, guid: 12798b2e8a9ec4a36af55920bfeaa278, type: 3}
      propertyPath: m_RootOrder
      value: 6
      objectReference: {fileID: 0}
    - target: {fileID: 400000, guid: 12798b2e8a9ec4a36af55920bfeaa278, type: 3}
      propertyPath: m_LocalScale.y
      value: 1
      objectReference: {fileID: 0}
    - target: {fileID: 400000, guid: 12798b2e8a9ec4a36af55920bfeaa278, type: 3}
      propertyPath: m_LocalScale.z
      value: 1
      objectReference: {fileID: 0}
    m_RemovedComponents: []
  m_ParentPrefab: {fileID: 100100000, guid: 12798b2e8a9ec4a36af55920bfeaa278, type: 3}
  m_RootGameObject: {fileID: 2044706061}
  m_IsPrefabParent: 0
--- !u!4 &392168543
Transform:
  m_ObjectHideFlags: 0
  m_PrefabParentObject: {fileID: 400000, guid: 12798b2e8a9ec4a36af55920bfeaa278, type: 3}
  m_PrefabInternal: {fileID: 392168542}
  m_GameObject: {fileID: 2044706061}
  m_LocalRotation: {x: -0.7071068, y: -0, z: -0, w: 0.7071067}
  m_LocalPosition: {x: -0.15884158, y: 0.32142422, z: 1.5586386}
  m_LocalScale: {x: 1, y: 1, z: 1}
  m_LocalEulerAnglesHint: {x: 0, y: 0, z: 0}
  m_Children: []
  m_Father: {fileID: 1735917583}
  m_RootOrder: 6
--- !u!1 &416183530
GameObject:
  m_ObjectHideFlags: 0
  m_PrefabParentObject: {fileID: 0}
  m_PrefabInternal: {fileID: 0}
  serializedVersion: 4
  m_Component:
  - 4: {fileID: 416183532}
  - 108: {fileID: 416183531}
  m_Layer: 0
  m_Name: Directional Light
  m_TagString: Untagged
  m_Icon: {fileID: 0}
  m_NavMeshLayer: 0
  m_StaticEditorFlags: 0
  m_IsActive: 1
--- !u!108 &416183531
Light:
  m_ObjectHideFlags: 0
  m_PrefabParentObject: {fileID: 0}
  m_PrefabInternal: {fileID: 0}
  m_GameObject: {fileID: 416183530}
  m_Enabled: 1
  serializedVersion: 7
  m_Type: 1
  m_Color: {r: 1, g: 0.95686275, b: 0.8392157, a: 1}
  m_Intensity: 1
  m_Range: 10
  m_SpotAngle: 30
  m_CookieSize: 10
  m_Shadows:
    m_Type: 2
    m_Resolution: -1
    m_CustomResolution: -1
    m_Strength: 1
    m_Bias: 0.05
    m_NormalBias: 0.4
    m_NearPlane: 0.2
  m_Cookie: {fileID: 0}
  m_DrawHalo: 0
  m_Flare: {fileID: 0}
  m_RenderMode: 0
  m_CullingMask:
    serializedVersion: 2
    m_Bits: 4294967295
  m_Lightmapping: 4
  m_AreaSize: {x: 1, y: 1}
  m_BounceIntensity: 1
  m_ShadowRadius: 0
  m_ShadowAngle: 0
--- !u!4 &416183532
Transform:
  m_ObjectHideFlags: 0
  m_PrefabParentObject: {fileID: 0}
  m_PrefabInternal: {fileID: 0}
  m_GameObject: {fileID: 416183530}
  m_LocalRotation: {x: 0.040117923, y: 0.9524733, z: -0.14395937, w: 0.26544482}
  m_LocalPosition: {x: 1.683605, y: 11.307602, z: 0.26158458}
  m_LocalScale: {x: 1, y: 1, z: 1}
  m_LocalEulerAnglesHint: {x: -191.835, y: 23.915985, z: -182.857}
  m_Children: []
  m_Father: {fileID: 0}
  m_RootOrder: 0
--- !u!1001 &470159714
Prefab:
  m_ObjectHideFlags: 0
  serializedVersion: 2
  m_Modification:
    m_TransformParent: {fileID: 1735917583}
    m_Modifications:
    - target: {fileID: 400000, guid: 178cc2ab5ed7c4942b8d9a042c14f662, type: 3}
      propertyPath: m_LocalPosition.x
      value: -0.1517399
      objectReference: {fileID: 0}
    - target: {fileID: 400000, guid: 178cc2ab5ed7c4942b8d9a042c14f662, type: 3}
      propertyPath: m_LocalPosition.y
      value: 0.38283497
      objectReference: {fileID: 0}
    - target: {fileID: 400000, guid: 178cc2ab5ed7c4942b8d9a042c14f662, type: 3}
      propertyPath: m_LocalPosition.z
      value: 0.5227212
      objectReference: {fileID: 0}
    - target: {fileID: 400000, guid: 178cc2ab5ed7c4942b8d9a042c14f662, type: 3}
      propertyPath: m_LocalRotation.x
      value: -0.7071068
      objectReference: {fileID: 0}
    - target: {fileID: 400000, guid: 178cc2ab5ed7c4942b8d9a042c14f662, type: 3}
      propertyPath: m_LocalRotation.y
      value: -0
      objectReference: {fileID: 0}
    - target: {fileID: 400000, guid: 178cc2ab5ed7c4942b8d9a042c14f662, type: 3}
      propertyPath: m_LocalRotation.z
      value: -0
      objectReference: {fileID: 0}
    - target: {fileID: 400000, guid: 178cc2ab5ed7c4942b8d9a042c14f662, type: 3}
      propertyPath: m_LocalRotation.w
      value: 0.7071067
      objectReference: {fileID: 0}
    - target: {fileID: 400000, guid: 178cc2ab5ed7c4942b8d9a042c14f662, type: 3}
      propertyPath: m_RootOrder
      value: 5
      objectReference: {fileID: 0}
    - target: {fileID: 400000, guid: 178cc2ab5ed7c4942b8d9a042c14f662, type: 3}
      propertyPath: m_LocalScale.y
      value: 1
      objectReference: {fileID: 0}
    - target: {fileID: 400000, guid: 178cc2ab5ed7c4942b8d9a042c14f662, type: 3}
      propertyPath: m_LocalScale.z
      value: 1
      objectReference: {fileID: 0}
    m_RemovedComponents: []
  m_ParentPrefab: {fileID: 100100000, guid: 178cc2ab5ed7c4942b8d9a042c14f662, type: 3}
  m_RootGameObject: {fileID: 582711169}
  m_IsPrefabParent: 0
--- !u!4 &470159715
Transform:
  m_ObjectHideFlags: 0
  m_PrefabParentObject: {fileID: 400000, guid: 178cc2ab5ed7c4942b8d9a042c14f662, type: 3}
  m_PrefabInternal: {fileID: 470159714}
  m_GameObject: {fileID: 582711169}
  m_LocalRotation: {x: -0.7071068, y: -0, z: -0, w: 0.7071067}
  m_LocalPosition: {x: -0.1517399, y: 0.38283497, z: 0.5227212}
  m_LocalScale: {x: 1, y: 1, z: 1}
  m_LocalEulerAnglesHint: {x: 0, y: 0, z: 0}
  m_Children: []
  m_Father: {fileID: 1735917583}
  m_RootOrder: 5
--- !u!1 &510572413
GameObject:
  m_ObjectHideFlags: 0
  m_PrefabParentObject: {fileID: 0}
  m_PrefabInternal: {fileID: 0}
  serializedVersion: 4
  m_Component:
  - 4: {fileID: 510572418}
  - 20: {fileID: 510572417}
  - 92: {fileID: 510572416}
  - 124: {fileID: 510572415}
  - 81: {fileID: 510572414}
  - 114: {fileID: 510572419}
  m_Layer: 0
  m_Name: Main Camera
  m_TagString: MainCamera
  m_Icon: {fileID: 0}
  m_NavMeshLayer: 0
  m_StaticEditorFlags: 0
  m_IsActive: 1
--- !u!81 &510572414
AudioListener:
  m_ObjectHideFlags: 0
  m_PrefabParentObject: {fileID: 0}
  m_PrefabInternal: {fileID: 0}
  m_GameObject: {fileID: 510572413}
  m_Enabled: 1
--- !u!124 &510572415
Behaviour:
  m_ObjectHideFlags: 0
  m_PrefabParentObject: {fileID: 0}
  m_PrefabInternal: {fileID: 0}
  m_GameObject: {fileID: 510572413}
  m_Enabled: 1
--- !u!92 &510572416
Behaviour:
  m_ObjectHideFlags: 0
  m_PrefabParentObject: {fileID: 0}
  m_PrefabInternal: {fileID: 0}
  m_GameObject: {fileID: 510572413}
  m_Enabled: 1
--- !u!20 &510572417
Camera:
  m_ObjectHideFlags: 0
  m_PrefabParentObject: {fileID: 0}
  m_PrefabInternal: {fileID: 0}
  m_GameObject: {fileID: 510572413}
  m_Enabled: 1
  serializedVersion: 2
  m_ClearFlags: 1
  m_BackGroundColor: {r: 0.19215687, g: 0.3019608, b: 0.4745098, a: 0}
  m_NormalizedViewPortRect:
    serializedVersion: 2
    x: 0
    y: 0
    width: 1
    height: 1
  near clip plane: 0.3
  far clip plane: 1000
  field of view: 60
  orthographic: 0
  orthographic size: 5
  m_Depth: -1
  m_CullingMask:
    serializedVersion: 2
    m_Bits: 4294967295
  m_RenderingPath: -1
  m_TargetTexture: {fileID: 0}
  m_TargetDisplay: 0
  m_TargetEye: 3
  m_HDR: 0
  m_OcclusionCulling: 1
  m_StereoConvergence: 10
  m_StereoSeparation: 0.022
  m_StereoMirrorMode: 0
--- !u!4 &510572418
Transform:
  m_ObjectHideFlags: 0
  m_PrefabParentObject: {fileID: 0}
  m_PrefabInternal: {fileID: 0}
  m_GameObject: {fileID: 510572413}
  m_LocalRotation: {x: -0.09083672, y: 0.90605253, z: -0.25017053, w: -0.3289867}
  m_LocalPosition: {x: 11.027367, y: 10.119817, z: -7.0201035}
  m_LocalScale: {x: 1, y: 1, z: 1}
  m_LocalEulerAnglesHint: {x: 0, y: 0, z: 0}
  m_Children: []
  m_Father: {fileID: 0}
  m_RootOrder: 2
--- !u!114 &510572419
MonoBehaviour:
  m_ObjectHideFlags: 0
  m_PrefabParentObject: {fileID: 0}
  m_PrefabInternal: {fileID: 0}
  m_GameObject: {fileID: 510572413}
  m_Enabled: 1
  m_EditorHideFlags: 0
  m_Script: {fileID: 11500000, guid: 50872b494dd1f9145b877fbdfa855927, type: 3}
  m_Name: 
  m_EditorClassIdentifier: 
  target: {fileID: 1045880718}
  distance: 7
  maxDistance: 7
  minDistance: 3
  mouseControl: 1
  mouseAxisX: Mouse X
  mouseAxisY: Mouse Y
  mouseAxisZoom: Mouse ScrollWheel
  keyboardControl: 0
  kbPanAxisX: Horizontal
  kbPanAxisY: Vertical
  kbUseZoomAxis: 0
  zoomInKey: 114
  zoomOutKey: 102
  kbZoomAxisName: 
  initialAngleX: 0
  initialAngleY: 15
  invertAxisX: 0
  invertAxisY: 0
  invertAxisZoom: 0
  xSpeed: 1
  ySpeed: 1
  zoomSpeed: 5
  dampeningX: 0.9
  dampeningY: 0.9
  smoothingZoom: 0.1
  limitY: 1
  yMinLimit: 15
  yMaxLimit: 60
  yLimitOffset: 0
  limitX: 0
  xMinLimit: -60
  xMaxLimit: 60
  xLimitOffset: 0
  clickToRotate: 1
  leftClickToRotate: 1
  rightClickToRotate: 0
  autoRotateOn: 1
  autoRotateReverse: 0
  autoRotateSpeed: 0.1
  SpinEnabled: 0
  spinUseAxis: 0
  spinKey: 306
  spinAxis: 
  maxSpinSpeed: 3
  cameraCollision: 0
  collisionRadius: 0.25
  invertXValue: 1
  invertYValue: 1
  invertZoomValue: 1
  autoRotateReverseValue: 1
--- !u!1 &582711169
GameObject:
  m_ObjectHideFlags: 0
  m_PrefabParentObject: {fileID: 100000, guid: 178cc2ab5ed7c4942b8d9a042c14f662, type: 3}
  m_PrefabInternal: {fileID: 470159714}
  serializedVersion: 4
  m_Component:
  - 4: {fileID: 470159715}
  - 33: {fileID: 582711172}
  - 23: {fileID: 582711171}
  - 95: {fileID: 582711170}
  m_Layer: 0
  m_Name: SpaceShip
  m_TagString: Untagged
  m_Icon: {fileID: 0}
  m_NavMeshLayer: 0
  m_StaticEditorFlags: 0
  m_IsActive: 1
--- !u!95 &582711170
Animator:
  serializedVersion: 3
  m_ObjectHideFlags: 0
  m_PrefabParentObject: {fileID: 9500000, guid: 178cc2ab5ed7c4942b8d9a042c14f662,
    type: 3}
  m_PrefabInternal: {fileID: 470159714}
  m_GameObject: {fileID: 582711169}
  m_Enabled: 1
  m_Avatar: {fileID: 9000000, guid: 178cc2ab5ed7c4942b8d9a042c14f662, type: 3}
  m_Controller: {fileID: 0}
  m_CullingMode: 0
  m_UpdateMode: 0
  m_ApplyRootMotion: 0
  m_LinearVelocityBlending: 0
  m_WarningMessage: 
  m_HasTransformHierarchy: 1
  m_AllowConstantClipSamplingOptimization: 1
--- !u!23 &582711171
MeshRenderer:
  m_ObjectHideFlags: 0
  m_PrefabParentObject: {fileID: 2300000, guid: 178cc2ab5ed7c4942b8d9a042c14f662,
    type: 3}
  m_PrefabInternal: {fileID: 470159714}
  m_GameObject: {fileID: 582711169}
  m_Enabled: 1
  m_CastShadows: 1
  m_ReceiveShadows: 1
  m_MotionVectors: 1
  m_LightProbeUsage: 1
  m_ReflectionProbeUsage: 1
  m_Materials:
  - {fileID: 2100000, guid: d4de5dac9550444748de81d85daeb86c, type: 2}
  - {fileID: 2100000, guid: d4de5dac9550444748de81d85daeb86c, type: 2}
  - {fileID: 2100000, guid: d4de5dac9550444748de81d85daeb86c, type: 2}
  - {fileID: 2100000, guid: d4de5dac9550444748de81d85daeb86c, type: 2}
  m_SubsetIndices: 
  m_StaticBatchRoot: {fileID: 0}
  m_ProbeAnchor: {fileID: 0}
  m_LightProbeVolumeOverride: {fileID: 0}
  m_ScaleInLightmap: 1
  m_PreserveUVs: 0
  m_IgnoreNormalsForChartDetection: 0
  m_ImportantGI: 0
  m_SelectedWireframeHidden: 0
  m_MinimumChartSize: 4
  m_AutoUVMaxDistance: 0.5
  m_AutoUVMaxAngle: 89
  m_LightmapParameters: {fileID: 0}
  m_SortingLayerID: 0
  m_SortingOrder: 0
--- !u!33 &582711172
MeshFilter:
  m_ObjectHideFlags: 0
  m_PrefabParentObject: {fileID: 3300000, guid: 178cc2ab5ed7c4942b8d9a042c14f662,
    type: 3}
  m_PrefabInternal: {fileID: 470159714}
  m_GameObject: {fileID: 582711169}
  m_Mesh: {fileID: 4300000, guid: 178cc2ab5ed7c4942b8d9a042c14f662, type: 3}
--- !u!1 &631387327
GameObject:
  m_ObjectHideFlags: 0
  m_PrefabParentObject: {fileID: 100006, guid: e2cf4d86fbf744165b07152fb17b1265, type: 3}
  m_PrefabInternal: {fileID: 1985344600}
  serializedVersion: 4
  m_Component:
  - 4: {fileID: 631387328}
  - 33: {fileID: 631387330}
  - 23: {fileID: 631387329}
  m_Layer: 0
  m_Name: BotoSimon_Verd
  m_TagString: Untagged
  m_Icon: {fileID: 0}
  m_NavMeshLayer: 0
  m_StaticEditorFlags: 0
  m_IsActive: 1
--- !u!4 &631387328
Transform:
  m_ObjectHideFlags: 0
  m_PrefabParentObject: {fileID: 400006, guid: e2cf4d86fbf744165b07152fb17b1265, type: 3}
  m_PrefabInternal: {fileID: 1985344600}
  m_GameObject: {fileID: 631387327}
  m_LocalRotation: {x: -0.5455563, y: -0.44985372, z: -0.44985378, w: 0.5455562}
  m_LocalPosition: {x: -0.52139455, y: -0.07327501, z: -1.5736907}
  m_LocalScale: {x: 1, y: 1, z: 1}
  m_LocalEulerAnglesHint: {x: 0, y: 0, z: 0}
  m_Children: []
  m_Father: {fileID: 1985344601}
  m_RootOrder: 2
--- !u!23 &631387329
MeshRenderer:
  m_ObjectHideFlags: 0
  m_PrefabParentObject: {fileID: 2300004, guid: e2cf4d86fbf744165b07152fb17b1265,
    type: 3}
  m_PrefabInternal: {fileID: 1985344600}
  m_GameObject: {fileID: 631387327}
  m_Enabled: 1
  m_CastShadows: 1
  m_ReceiveShadows: 1
  m_MotionVectors: 1
  m_LightProbeUsage: 1
  m_ReflectionProbeUsage: 1
  m_Materials:
  - {fileID: 2100000, guid: 27c3443f088b04fe684eb7dd9e435c0d, type: 2}
  m_SubsetIndices: 
  m_StaticBatchRoot: {fileID: 0}
  m_ProbeAnchor: {fileID: 0}
  m_LightProbeVolumeOverride: {fileID: 0}
  m_ScaleInLightmap: 1
  m_PreserveUVs: 0
  m_IgnoreNormalsForChartDetection: 0
  m_ImportantGI: 0
  m_SelectedWireframeHidden: 0
  m_MinimumChartSize: 4
  m_AutoUVMaxDistance: 0.5
  m_AutoUVMaxAngle: 89
  m_LightmapParameters: {fileID: 0}
  m_SortingLayerID: 0
  m_SortingOrder: 0
--- !u!33 &631387330
MeshFilter:
  m_ObjectHideFlags: 0
  m_PrefabParentObject: {fileID: 3300004, guid: e2cf4d86fbf744165b07152fb17b1265,
    type: 3}
  m_PrefabInternal: {fileID: 1985344600}
  m_GameObject: {fileID: 631387327}
  m_Mesh: {fileID: 4300000, guid: e2cf4d86fbf744165b07152fb17b1265, type: 3}
--- !u!1 &663128494
GameObject:
  m_ObjectHideFlags: 0
  m_PrefabParentObject: {fileID: 100000, guid: e2cf4d86fbf744165b07152fb17b1265, type: 3}
  m_PrefabInternal: {fileID: 1985344600}
  serializedVersion: 4
  m_Component:
  - 4: {fileID: 1985344601}
  - 95: {fileID: 663128495}
  m_Layer: 0
  m_Name: Botons_Simon
  m_TagString: Untagged
  m_Icon: {fileID: 0}
  m_NavMeshLayer: 0
  m_StaticEditorFlags: 0
  m_IsActive: 1
--- !u!95 &663128495
Animator:
  serializedVersion: 3
  m_ObjectHideFlags: 0
  m_PrefabParentObject: {fileID: 9500000, guid: e2cf4d86fbf744165b07152fb17b1265,
    type: 3}
  m_PrefabInternal: {fileID: 1985344600}
  m_GameObject: {fileID: 663128494}
  m_Enabled: 1
  m_Avatar: {fileID: 9000000, guid: e2cf4d86fbf744165b07152fb17b1265, type: 3}
  m_Controller: {fileID: 0}
  m_CullingMode: 0
  m_UpdateMode: 0
  m_ApplyRootMotion: 0
  m_LinearVelocityBlending: 0
  m_WarningMessage: 
  m_HasTransformHierarchy: 1
  m_AllowConstantClipSamplingOptimization: 1
--- !u!1 &932499139
GameObject:
  m_ObjectHideFlags: 0
  m_PrefabParentObject: {fileID: 100000, guid: 276a288f9aa8e4a09a5472f6bd9b2686, type: 3}
  m_PrefabInternal: {fileID: 1465535576}
  serializedVersion: 4
  m_Component:
  - 4: {fileID: 1465535577}
  - 33: {fileID: 932499142}
  - 23: {fileID: 932499141}
  - 95: {fileID: 932499140}
  m_Layer: 0
  m_Name: base_Dinamiques
  m_TagString: Untagged
  m_Icon: {fileID: 0}
  m_NavMeshLayer: 0
  m_StaticEditorFlags: 0
  m_IsActive: 1
--- !u!95 &932499140
Animator:
  serializedVersion: 3
  m_ObjectHideFlags: 0
  m_PrefabParentObject: {fileID: 9500000, guid: 276a288f9aa8e4a09a5472f6bd9b2686,
    type: 3}
  m_PrefabInternal: {fileID: 1465535576}
  m_GameObject: {fileID: 932499139}
  m_Enabled: 1
  m_Avatar: {fileID: 9000000, guid: 276a288f9aa8e4a09a5472f6bd9b2686, type: 3}
  m_Controller: {fileID: 0}
  m_CullingMode: 0
  m_UpdateMode: 0
  m_ApplyRootMotion: 0
  m_LinearVelocityBlending: 0
  m_WarningMessage: 
  m_HasTransformHierarchy: 1
  m_AllowConstantClipSamplingOptimization: 1
--- !u!23 &932499141
MeshRenderer:
  m_ObjectHideFlags: 0
  m_PrefabParentObject: {fileID: 2300000, guid: 276a288f9aa8e4a09a5472f6bd9b2686,
    type: 3}
  m_PrefabInternal: {fileID: 1465535576}
  m_GameObject: {fileID: 932499139}
  m_Enabled: 1
  m_CastShadows: 1
  m_ReceiveShadows: 1
  m_MotionVectors: 1
  m_LightProbeUsage: 1
  m_ReflectionProbeUsage: 1
  m_Materials:
  - {fileID: 2100000, guid: e1ec88d73696c465d856910eca328f57, type: 2}
  - {fileID: 2100000, guid: e1ec88d73696c465d856910eca328f57, type: 2}
  - {fileID: 2100000, guid: e1ec88d73696c465d856910eca328f57, type: 2}
  - {fileID: 2100000, guid: e1ec88d73696c465d856910eca328f57, type: 2}
  - {fileID: 2100000, guid: e1ec88d73696c465d856910eca328f57, type: 2}
  - {fileID: 2100000, guid: e1ec88d73696c465d856910eca328f57, type: 2}
  - {fileID: 2100000, guid: e1ec88d73696c465d856910eca328f57, type: 2}
  - {fileID: 2100000, guid: e1ec88d73696c465d856910eca328f57, type: 2}
  - {fileID: 2100000, guid: e1ec88d73696c465d856910eca328f57, type: 2}
  - {fileID: 2100000, guid: e1ec88d73696c465d856910eca328f57, type: 2}
  m_SubsetIndices: 
  m_StaticBatchRoot: {fileID: 0}
  m_ProbeAnchor: {fileID: 0}
  m_LightProbeVolumeOverride: {fileID: 0}
  m_ScaleInLightmap: 1
  m_PreserveUVs: 0
  m_IgnoreNormalsForChartDetection: 0
  m_ImportantGI: 0
  m_SelectedWireframeHidden: 0
  m_MinimumChartSize: 4
  m_AutoUVMaxDistance: 0.5
  m_AutoUVMaxAngle: 89
  m_LightmapParameters: {fileID: 0}
  m_SortingLayerID: 0
  m_SortingOrder: 0
--- !u!33 &932499142
MeshFilter:
  m_ObjectHideFlags: 0
  m_PrefabParentObject: {fileID: 3300000, guid: 276a288f9aa8e4a09a5472f6bd9b2686,
    type: 3}
  m_PrefabInternal: {fileID: 1465535576}
  m_GameObject: {fileID: 932499139}
  m_Mesh: {fileID: 4300000, guid: 276a288f9aa8e4a09a5472f6bd9b2686, type: 3}
--- !u!1 &937166420
GameObject:
  m_ObjectHideFlags: 0
  m_PrefabParentObject: {fileID: 100008, guid: e2cf4d86fbf744165b07152fb17b1265, type: 3}
  m_PrefabInternal: {fileID: 1985344600}
  serializedVersion: 4
  m_Component:
  - 4: {fileID: 937166421}
  - 33: {fileID: 937166423}
  - 23: {fileID: 937166422}
  m_Layer: 0
  m_Name: BotoSimon_Vermell
  m_TagString: Untagged
  m_Icon: {fileID: 0}
  m_NavMeshLayer: 0
  m_StaticEditorFlags: 0
  m_IsActive: 1
--- !u!4 &937166421
Transform:
  m_ObjectHideFlags: 0
  m_PrefabParentObject: {fileID: 400008, guid: e2cf4d86fbf744165b07152fb17b1265, type: 3}
  m_PrefabInternal: {fileID: 1985344600}
  m_GameObject: {fileID: 937166420}
  m_LocalRotation: {x: -0.5455563, y: -0.44985372, z: -0.44985378, w: 0.5455562}
  m_LocalPosition: {x: -0.50207824, y: -0.07327527, z: -1.6517302}
  m_LocalScale: {x: 1, y: 1, z: 1}
  m_LocalEulerAnglesHint: {x: 0, y: 0, z: 0}
  m_Children: []
  m_Father: {fileID: 1985344601}
  m_RootOrder: 3
--- !u!23 &937166422
MeshRenderer:
  m_ObjectHideFlags: 0
  m_PrefabParentObject: {fileID: 2300006, guid: e2cf4d86fbf744165b07152fb17b1265,
    type: 3}
  m_PrefabInternal: {fileID: 1985344600}
  m_GameObject: {fileID: 937166420}
  m_Enabled: 1
  m_CastShadows: 1
  m_ReceiveShadows: 1
  m_MotionVectors: 1
  m_LightProbeUsage: 1
  m_ReflectionProbeUsage: 1
  m_Materials:
  - {fileID: 2100000, guid: 4a51adaec369f4fc4ad555495e672cc9, type: 2}
  m_SubsetIndices: 
  m_StaticBatchRoot: {fileID: 0}
  m_ProbeAnchor: {fileID: 0}
  m_LightProbeVolumeOverride: {fileID: 0}
  m_ScaleInLightmap: 1
  m_PreserveUVs: 0
  m_IgnoreNormalsForChartDetection: 0
  m_ImportantGI: 0
  m_SelectedWireframeHidden: 0
  m_MinimumChartSize: 4
  m_AutoUVMaxDistance: 0.5
  m_AutoUVMaxAngle: 89
  m_LightmapParameters: {fileID: 0}
  m_SortingLayerID: 0
  m_SortingOrder: 0
--- !u!33 &937166423
MeshFilter:
  m_ObjectHideFlags: 0
  m_PrefabParentObject: {fileID: 3300006, guid: e2cf4d86fbf744165b07152fb17b1265,
    type: 3}
  m_PrefabInternal: {fileID: 1985344600}
  m_GameObject: {fileID: 937166420}
  m_Mesh: {fileID: 4300006, guid: e2cf4d86fbf744165b07152fb17b1265, type: 3}
--- !u!1 &1026151320
GameObject:
  m_ObjectHideFlags: 0
  m_PrefabParentObject: {fileID: 100004, guid: e2cf4d86fbf744165b07152fb17b1265, type: 3}
  m_PrefabInternal: {fileID: 1985344600}
  serializedVersion: 4
  m_Component:
  - 4: {fileID: 1026151321}
  - 33: {fileID: 1026151323}
  - 23: {fileID: 1026151322}
  m_Layer: 0
  m_Name: BotoSimon_Groc
  m_TagString: Untagged
  m_Icon: {fileID: 0}
  m_NavMeshLayer: 0
  m_StaticEditorFlags: 0
  m_IsActive: 1
--- !u!4 &1026151321
Transform:
  m_ObjectHideFlags: 0
  m_PrefabParentObject: {fileID: 400004, guid: e2cf4d86fbf744165b07152fb17b1265, type: 3}
  m_PrefabInternal: {fileID: 1985344600}
  m_GameObject: {fileID: 1026151320}
  m_LocalRotation: {x: -0.5455563, y: -0.44985372, z: -0.44985378, w: 0.5455562}
  m_LocalPosition: {x: -0.5994009, y: -0.07327527, z: -1.5928419}
  m_LocalScale: {x: 1, y: 1, z: 1}
  m_LocalEulerAnglesHint: {x: 0, y: 0, z: 0}
  m_Children: []
  m_Father: {fileID: 1985344601}
  m_RootOrder: 1
--- !u!23 &1026151322
MeshRenderer:
  m_ObjectHideFlags: 0
  m_PrefabParentObject: {fileID: 2300002, guid: e2cf4d86fbf744165b07152fb17b1265,
    type: 3}
  m_PrefabInternal: {fileID: 1985344600}
  m_GameObject: {fileID: 1026151320}
  m_Enabled: 1
  m_CastShadows: 1
  m_ReceiveShadows: 1
  m_MotionVectors: 1
  m_LightProbeUsage: 1
  m_ReflectionProbeUsage: 1
  m_Materials:
  - {fileID: 2100000, guid: bbac1f004b3a946e597e1d650c533ab7, type: 2}
  m_SubsetIndices: 
  m_StaticBatchRoot: {fileID: 0}
  m_ProbeAnchor: {fileID: 0}
  m_LightProbeVolumeOverride: {fileID: 0}
  m_ScaleInLightmap: 1
  m_PreserveUVs: 0
  m_IgnoreNormalsForChartDetection: 0
  m_ImportantGI: 0
  m_SelectedWireframeHidden: 0
  m_MinimumChartSize: 4
  m_AutoUVMaxDistance: 0.5
  m_AutoUVMaxAngle: 89
  m_LightmapParameters: {fileID: 0}
  m_SortingLayerID: 0
  m_SortingOrder: 0
--- !u!33 &1026151323
MeshFilter:
  m_ObjectHideFlags: 0
  m_PrefabParentObject: {fileID: 3300002, guid: e2cf4d86fbf744165b07152fb17b1265,
    type: 3}
  m_PrefabInternal: {fileID: 1985344600}
  m_GameObject: {fileID: 1026151320}
  m_Mesh: {fileID: 4300002, guid: e2cf4d86fbf744165b07152fb17b1265, type: 3}
--- !u!1 &1045880717
GameObject:
  m_ObjectHideFlags: 0
  m_PrefabParentObject: {fileID: 0}
  m_PrefabInternal: {fileID: 0}
  serializedVersion: 4
  m_Component:
  - 4: {fileID: 1045880718}
  - 33: {fileID: 1045880721}
  - 65: {fileID: 1045880720}
  - 23: {fileID: 1045880719}
  m_Layer: 0
  m_Name: Cube
  m_TagString: Untagged
  m_Icon: {fileID: 0}
  m_NavMeshLayer: 0
  m_StaticEditorFlags: 0
  m_IsActive: 1
--- !u!4 &1045880718
Transform:
  m_ObjectHideFlags: 0
  m_PrefabParentObject: {fileID: 0}
  m_PrefabInternal: {fileID: 0}
  m_GameObject: {fileID: 1045880717}
  m_LocalRotation: {x: -0, y: -0.23606423, z: -0, w: 0.9717375}
  m_LocalPosition: {x: 0.42500007, y: 0.45105436, z: -0.7311006}
  m_LocalScale: {x: 0.1, y: 0.1, z: 0.1}
  m_LocalEulerAnglesHint: {x: 0, y: -27.218, z: 0}
  m_Children: []
  m_Father: {fileID: 1735917583}
  m_RootOrder: 7
--- !u!23 &1045880719
MeshRenderer:
  m_ObjectHideFlags: 0
  m_PrefabParentObject: {fileID: 0}
  m_PrefabInternal: {fileID: 0}
  m_GameObject: {fileID: 1045880717}
  m_Enabled: 1
  m_CastShadows: 1
  m_ReceiveShadows: 1
  m_MotionVectors: 1
  m_LightProbeUsage: 1
  m_ReflectionProbeUsage: 1
  m_Materials:
  - {fileID: 10303, guid: 0000000000000000f000000000000000, type: 0}
  m_SubsetIndices: 
  m_StaticBatchRoot: {fileID: 0}
  m_ProbeAnchor: {fileID: 0}
  m_LightProbeVolumeOverride: {fileID: 0}
  m_ScaleInLightmap: 1
  m_PreserveUVs: 1
  m_IgnoreNormalsForChartDetection: 0
  m_ImportantGI: 0
  m_SelectedWireframeHidden: 0
  m_MinimumChartSize: 4
  m_AutoUVMaxDistance: 0.5
  m_AutoUVMaxAngle: 89
  m_LightmapParameters: {fileID: 0}
  m_SortingLayerID: 0
  m_SortingOrder: 0
--- !u!65 &1045880720
BoxCollider:
  m_ObjectHideFlags: 0
  m_PrefabParentObject: {fileID: 0}
  m_PrefabInternal: {fileID: 0}
  m_GameObject: {fileID: 1045880717}
  m_Material: {fileID: 0}
  m_IsTrigger: 0
  m_Enabled: 1
  serializedVersion: 2
  m_Size: {x: 1, y: 1, z: 1}
  m_Center: {x: 0, y: 0, z: 0}
--- !u!33 &1045880721
MeshFilter:
  m_ObjectHideFlags: 0
  m_PrefabParentObject: {fileID: 0}
  m_PrefabInternal: {fileID: 0}
  m_GameObject: {fileID: 1045880717}
  m_Mesh: {fileID: 10202, guid: 0000000000000000e000000000000000, type: 0}
--- !u!1 &1046376630
GameObject:
  m_ObjectHideFlags: 0
  m_PrefabParentObject: {fileID: 100000, guid: 49127408ca0d44792885c926da7d7dca, type: 3}
  m_PrefabInternal: {fileID: 1517577077}
  serializedVersion: 4
  m_Component:
  - 4: {fileID: 1517577078}
  - 33: {fileID: 1046376633}
  - 23: {fileID: 1046376632}
  - 95: {fileID: 1046376631}
  m_Layer: 0
  m_Name: Base_Simon
  m_TagString: Untagged
  m_Icon: {fileID: 0}
  m_NavMeshLayer: 0
  m_StaticEditorFlags: 0
  m_IsActive: 1
--- !u!95 &1046376631
Animator:
  serializedVersion: 3
  m_ObjectHideFlags: 0
  m_PrefabParentObject: {fileID: 9500000, guid: 49127408ca0d44792885c926da7d7dca,
    type: 3}
  m_PrefabInternal: {fileID: 1517577077}
  m_GameObject: {fileID: 1046376630}
  m_Enabled: 1
  m_Avatar: {fileID: 9000000, guid: 49127408ca0d44792885c926da7d7dca, type: 3}
  m_Controller: {fileID: 0}
  m_CullingMode: 0
  m_UpdateMode: 0
  m_ApplyRootMotion: 0
  m_LinearVelocityBlending: 0
  m_WarningMessage: 
  m_HasTransformHierarchy: 1
  m_AllowConstantClipSamplingOptimization: 1
--- !u!23 &1046376632
MeshRenderer:
  m_ObjectHideFlags: 0
  m_PrefabParentObject: {fileID: 2300000, guid: 49127408ca0d44792885c926da7d7dca,
    type: 3}
  m_PrefabInternal: {fileID: 1517577077}
  m_GameObject: {fileID: 1046376630}
  m_Enabled: 1
  m_CastShadows: 1
  m_ReceiveShadows: 1
  m_MotionVectors: 1
  m_LightProbeUsage: 1
  m_ReflectionProbeUsage: 1
  m_Materials:
  - {fileID: 2100000, guid: 90f13da9f786e4f42ae6c49749523ca4, type: 2}
  - {fileID: 2100000, guid: 90f13da9f786e4f42ae6c49749523ca4, type: 2}
  - {fileID: 2100000, guid: 90f13da9f786e4f42ae6c49749523ca4, type: 2}
  - {fileID: 2100000, guid: 90f13da9f786e4f42ae6c49749523ca4, type: 2}
  - {fileID: 2100000, guid: 90f13da9f786e4f42ae6c49749523ca4, type: 2}
  - {fileID: 2100000, guid: 90f13da9f786e4f42ae6c49749523ca4, type: 2}
  - {fileID: 2100000, guid: 90f13da9f786e4f42ae6c49749523ca4, type: 2}
  - {fileID: 2100000, guid: 90f13da9f786e4f42ae6c49749523ca4, type: 2}
  - {fileID: 2100000, guid: 90f13da9f786e4f42ae6c49749523ca4, type: 2}
  m_SubsetIndices: 
  m_StaticBatchRoot: {fileID: 0}
  m_ProbeAnchor: {fileID: 0}
  m_LightProbeVolumeOverride: {fileID: 0}
  m_ScaleInLightmap: 1
  m_PreserveUVs: 0
  m_IgnoreNormalsForChartDetection: 0
  m_ImportantGI: 0
  m_SelectedWireframeHidden: 0
  m_MinimumChartSize: 4
  m_AutoUVMaxDistance: 0.5
  m_AutoUVMaxAngle: 89
  m_LightmapParameters: {fileID: 0}
  m_SortingLayerID: 0
  m_SortingOrder: 0
--- !u!33 &1046376633
MeshFilter:
  m_ObjectHideFlags: 0
  m_PrefabParentObject: {fileID: 3300000, guid: 49127408ca0d44792885c926da7d7dca,
    type: 3}
  m_PrefabInternal: {fileID: 1517577077}
  m_GameObject: {fileID: 1046376630}
  m_Mesh: {fileID: 4300000, guid: 49127408ca0d44792885c926da7d7dca, type: 3}
--- !u!1 &1062533363
GameObject:
  m_ObjectHideFlags: 0
  m_PrefabParentObject: {fileID: 100000, guid: fac60b197cad44a16bee667050a4d421, type: 3}
  m_PrefabInternal: {fileID: 1302453355}
  serializedVersion: 4
  m_Component:
  - 4: {fileID: 1302453356}
  - 33: {fileID: 1062533366}
  - 23: {fileID: 1062533365}
  - 95: {fileID: 1062533364}
  m_Layer: 0
  m_Name: MiniJet
  m_TagString: Untagged
  m_Icon: {fileID: 0}
  m_NavMeshLayer: 0
  m_StaticEditorFlags: 0
  m_IsActive: 1
--- !u!95 &1062533364
Animator:
  serializedVersion: 3
  m_ObjectHideFlags: 0
  m_PrefabParentObject: {fileID: 9500000, guid: fac60b197cad44a16bee667050a4d421,
    type: 3}
  m_PrefabInternal: {fileID: 1302453355}
  m_GameObject: {fileID: 1062533363}
  m_Enabled: 1
  m_Avatar: {fileID: 9000000, guid: fac60b197cad44a16bee667050a4d421, type: 3}
  m_Controller: {fileID: 0}
  m_CullingMode: 0
  m_UpdateMode: 0
  m_ApplyRootMotion: 0
  m_LinearVelocityBlending: 0
  m_WarningMessage: 
  m_HasTransformHierarchy: 1
  m_AllowConstantClipSamplingOptimization: 1
--- !u!23 &1062533365
MeshRenderer:
  m_ObjectHideFlags: 0
  m_PrefabParentObject: {fileID: 2300000, guid: fac60b197cad44a16bee667050a4d421,
    type: 3}
  m_PrefabInternal: {fileID: 1302453355}
  m_GameObject: {fileID: 1062533363}
  m_Enabled: 1
  m_CastShadows: 1
  m_ReceiveShadows: 1
  m_MotionVectors: 1
  m_LightProbeUsage: 1
  m_ReflectionProbeUsage: 1
  m_Materials:
  - {fileID: 2100000, guid: 0584fcd68f47440498626866bc89320b, type: 2}
  - {fileID: 2100000, guid: 0584fcd68f47440498626866bc89320b, type: 2}
  - {fileID: 2100000, guid: 0584fcd68f47440498626866bc89320b, type: 2}
  - {fileID: 2100000, guid: 0584fcd68f47440498626866bc89320b, type: 2}
  m_SubsetIndices: 
  m_StaticBatchRoot: {fileID: 0}
  m_ProbeAnchor: {fileID: 0}
  m_LightProbeVolumeOverride: {fileID: 0}
  m_ScaleInLightmap: 1
  m_PreserveUVs: 0
  m_IgnoreNormalsForChartDetection: 0
  m_ImportantGI: 0
  m_SelectedWireframeHidden: 0
  m_MinimumChartSize: 4
  m_AutoUVMaxDistance: 0.5
  m_AutoUVMaxAngle: 89
  m_LightmapParameters: {fileID: 0}
  m_SortingLayerID: 0
  m_SortingOrder: 0
--- !u!33 &1062533366
MeshFilter:
  m_ObjectHideFlags: 0
  m_PrefabParentObject: {fileID: 3300000, guid: fac60b197cad44a16bee667050a4d421,
    type: 3}
  m_PrefabInternal: {fileID: 1302453355}
  m_GameObject: {fileID: 1062533363}
  m_Mesh: {fileID: 4300000, guid: fac60b197cad44a16bee667050a4d421, type: 3}
--- !u!1 &1117352515
GameObject:
  m_ObjectHideFlags: 0
  m_PrefabParentObject: {fileID: 100000, guid: e431051b75d1f4d4b8a0292add5a62a7, type: 3}
  m_PrefabInternal: {fileID: 1218208172}
  serializedVersion: 4
  m_Component:
  - 4: {fileID: 1117352516}
  - 33: {fileID: 1117352518}
  - 23: {fileID: 1117352517}
  m_Layer: 0
  m_Name: 3x3_FITXA_VERDA
  m_TagString: Untagged
  m_Icon: {fileID: 0}
  m_NavMeshLayer: 0
  m_StaticEditorFlags: 0
  m_IsActive: 1
--- !u!4 &1117352516
Transform:
  m_ObjectHideFlags: 0
  m_PrefabParentObject: {fileID: 400000, guid: e431051b75d1f4d4b8a0292add5a62a7, type: 3}
  m_PrefabInternal: {fileID: 1218208172}
  m_GameObject: {fileID: 1117352515}
  m_LocalRotation: {x: -0.7071068, y: 0, z: -0, w: 0.7071067}
  m_LocalPosition: {x: -0.18802883, y: 0.057825226, z: -0.03256502}
  m_LocalScale: {x: 2.5865595, y: 2.5865595, z: 2.5865595}
  m_LocalEulerAnglesHint: {x: 0, y: 0, z: 0}
  m_Children: []
  m_Father: {fileID: 1218208173}
  m_RootOrder: 0
--- !u!23 &1117352517
MeshRenderer:
  m_ObjectHideFlags: 0
  m_PrefabParentObject: {fileID: 2300000, guid: e431051b75d1f4d4b8a0292add5a62a7,
    type: 3}
  m_PrefabInternal: {fileID: 1218208172}
  m_GameObject: {fileID: 1117352515}
  m_Enabled: 1
  m_CastShadows: 1
  m_ReceiveShadows: 1
  m_MotionVectors: 1
  m_LightProbeUsage: 1
  m_ReflectionProbeUsage: 1
  m_Materials:
  - {fileID: 2100000, guid: d56ebe46e52134788b1c40451bd5d861, type: 2}
  m_SubsetIndices: 
  m_StaticBatchRoot: {fileID: 0}
  m_ProbeAnchor: {fileID: 0}
  m_LightProbeVolumeOverride: {fileID: 0}
  m_ScaleInLightmap: 1
  m_PreserveUVs: 0
  m_IgnoreNormalsForChartDetection: 0
  m_ImportantGI: 0
  m_SelectedWireframeHidden: 0
  m_MinimumChartSize: 4
  m_AutoUVMaxDistance: 0.5
  m_AutoUVMaxAngle: 89
  m_LightmapParameters: {fileID: 0}
  m_SortingLayerID: 0
  m_SortingOrder: 0
--- !u!33 &1117352518
MeshFilter:
  m_ObjectHideFlags: 0
  m_PrefabParentObject: {fileID: 3300000, guid: e431051b75d1f4d4b8a0292add5a62a7,
    type: 3}
  m_PrefabInternal: {fileID: 1218208172}
  m_GameObject: {fileID: 1117352515}
  m_Mesh: {fileID: 4300000, guid: e431051b75d1f4d4b8a0292add5a62a7, type: 3}
--- !u!1 &1177196744
GameObject:
  m_ObjectHideFlags: 0
  m_PrefabParentObject: {fileID: 100004, guid: e431051b75d1f4d4b8a0292add5a62a7, type: 3}
  m_PrefabInternal: {fileID: 1218208172}
  serializedVersion: 4
  m_Component:
  - 4: {fileID: 1218208173}
  - 95: {fileID: 1177196745}
  m_Layer: 0
  m_Name: Fitxes 3x3_meteorits
  m_TagString: Untagged
  m_Icon: {fileID: 0}
  m_NavMeshLayer: 0
  m_StaticEditorFlags: 0
  m_IsActive: 1
--- !u!95 &1177196745
Animator:
  serializedVersion: 3
  m_ObjectHideFlags: 0
  m_PrefabParentObject: {fileID: 9500000, guid: e431051b75d1f4d4b8a0292add5a62a7,
    type: 3}
  m_PrefabInternal: {fileID: 1218208172}
  m_GameObject: {fileID: 1177196744}
  m_Enabled: 1
  m_Avatar: {fileID: 9000000, guid: e431051b75d1f4d4b8a0292add5a62a7, type: 3}
  m_Controller: {fileID: 0}
  m_CullingMode: 0
  m_UpdateMode: 0
  m_ApplyRootMotion: 0
  m_LinearVelocityBlending: 0
  m_WarningMessage: 
  m_HasTransformHierarchy: 1
  m_AllowConstantClipSamplingOptimization: 1
--- !u!1001 &1218208172
Prefab:
  m_ObjectHideFlags: 0
  serializedVersion: 2
  m_Modification:
    m_TransformParent: {fileID: 1735917583}
    m_Modifications:
    - target: {fileID: 400004, guid: e431051b75d1f4d4b8a0292add5a62a7, type: 3}
      propertyPath: m_LocalPosition.x
      value: -0.069452584
      objectReference: {fileID: 0}
    - target: {fileID: 400004, guid: e431051b75d1f4d4b8a0292add5a62a7, type: 3}
      propertyPath: m_LocalPosition.y
      value: 0.3058151
      objectReference: {fileID: 0}
    - target: {fileID: 400004, guid: e431051b75d1f4d4b8a0292add5a62a7, type: 3}
      propertyPath: m_LocalPosition.z
      value: 1.5959206
      objectReference: {fileID: 0}
    - target: {fileID: 400004, guid: e431051b75d1f4d4b8a0292add5a62a7, type: 3}
      propertyPath: m_LocalRotation.x
      value: -0
      objectReference: {fileID: 0}
    - target: {fileID: 400004, guid: e431051b75d1f4d4b8a0292add5a62a7, type: 3}
      propertyPath: m_LocalRotation.y
      value: -0
      objectReference: {fileID: 0}
    - target: {fileID: 400004, guid: e431051b75d1f4d4b8a0292add5a62a7, type: 3}
      propertyPath: m_LocalRotation.z
      value: -0
      objectReference: {fileID: 0}
    - target: {fileID: 400004, guid: e431051b75d1f4d4b8a0292add5a62a7, type: 3}
      propertyPath: m_LocalRotation.w
      value: 1
      objectReference: {fileID: 0}
    - target: {fileID: 400004, guid: e431051b75d1f4d4b8a0292add5a62a7, type: 3}
      propertyPath: m_RootOrder
      value: 4
      objectReference: {fileID: 0}
    m_RemovedComponents: []
  m_ParentPrefab: {fileID: 100100000, guid: e431051b75d1f4d4b8a0292add5a62a7, type: 3}
  m_RootGameObject: {fileID: 1177196744}
  m_IsPrefabParent: 0
--- !u!4 &1218208173
Transform:
  m_ObjectHideFlags: 0
  m_PrefabParentObject: {fileID: 400004, guid: e431051b75d1f4d4b8a0292add5a62a7, type: 3}
  m_PrefabInternal: {fileID: 1218208172}
  m_GameObject: {fileID: 1177196744}
  m_LocalRotation: {x: -0, y: -0, z: -0, w: 1}
  m_LocalPosition: {x: -0.069452584, y: 0.3058151, z: 1.5959206}
  m_LocalScale: {x: 1, y: 1, z: 1}
  m_LocalEulerAnglesHint: {x: 0, y: 0, z: 0}
  m_Children:
  - {fileID: 1117352516}
  - {fileID: 1399475260}
  m_Father: {fileID: 1735917583}
  m_RootOrder: 4
--- !u!1001 &1302453355
Prefab:
  m_ObjectHideFlags: 0
  serializedVersion: 2
  m_Modification:
    m_TransformParent: {fileID: 1735917583}
    m_Modifications:
    - target: {fileID: 400000, guid: fac60b197cad44a16bee667050a4d421, type: 3}
      propertyPath: m_LocalPosition.x
      value: -0.32163864
      objectReference: {fileID: 0}
    - target: {fileID: 400000, guid: fac60b197cad44a16bee667050a4d421, type: 3}
      propertyPath: m_LocalPosition.y
      value: 0.34575593
      objectReference: {fileID: 0}
    - target: {fileID: 400000, guid: fac60b197cad44a16bee667050a4d421, type: 3}
      propertyPath: m_LocalPosition.z
      value: 1.2250445
      objectReference: {fileID: 0}
    - target: {fileID: 400000, guid: fac60b197cad44a16bee667050a4d421, type: 3}
      propertyPath: m_LocalRotation.x
      value: -0.7071068
      objectReference: {fileID: 0}
    - target: {fileID: 400000, guid: fac60b197cad44a16bee667050a4d421, type: 3}
      propertyPath: m_LocalRotation.y
      value: -0
      objectReference: {fileID: 0}
    - target: {fileID: 400000, guid: fac60b197cad44a16bee667050a4d421, type: 3}
      propertyPath: m_LocalRotation.z
      value: -0
      objectReference: {fileID: 0}
    - target: {fileID: 400000, guid: fac60b197cad44a16bee667050a4d421, type: 3}
      propertyPath: m_LocalRotation.w
      value: 0.7071067
      objectReference: {fileID: 0}
    - target: {fileID: 400000, guid: fac60b197cad44a16bee667050a4d421, type: 3}
      propertyPath: m_RootOrder
      value: 3
      objectReference: {fileID: 0}
    - target: {fileID: 400000, guid: fac60b197cad44a16bee667050a4d421, type: 3}
      propertyPath: m_LocalScale.y
      value: 1
      objectReference: {fileID: 0}
    - target: {fileID: 400000, guid: fac60b197cad44a16bee667050a4d421, type: 3}
      propertyPath: m_LocalScale.z
      value: 1
      objectReference: {fileID: 0}
    m_RemovedComponents: []
  m_ParentPrefab: {fileID: 100100000, guid: fac60b197cad44a16bee667050a4d421, type: 3}
  m_RootGameObject: {fileID: 1062533363}
  m_IsPrefabParent: 0
--- !u!4 &1302453356
Transform:
  m_ObjectHideFlags: 0
  m_PrefabParentObject: {fileID: 400000, guid: fac60b197cad44a16bee667050a4d421, type: 3}
  m_PrefabInternal: {fileID: 1302453355}
  m_GameObject: {fileID: 1062533363}
  m_LocalRotation: {x: -0.7071068, y: -0, z: -0, w: 0.7071067}
  m_LocalPosition: {x: -0.32163864, y: 0.34575593, z: 1.2250445}
  m_LocalScale: {x: 1, y: 1, z: 1}
  m_LocalEulerAnglesHint: {x: 0, y: 0, z: 0}
  m_Children: []
  m_Father: {fileID: 1735917583}
  m_RootOrder: 3
--- !u!1 &1397752324
GameObject:
  m_ObjectHideFlags: 0
  m_PrefabParentObject: {fileID: 0}
  m_PrefabInternal: {fileID: 0}
  serializedVersion: 4
  m_Component:
  - 224: {fileID: 1397752325}
  - 222: {fileID: 1397752329}
  - 114: {fileID: 1397752328}
  - 114: {fileID: 1397752327}
  - 95: {fileID: 1397752326}
  m_Layer: 5
  m_Name: BackButton
  m_TagString: Untagged
  m_Icon: {fileID: 0}
  m_NavMeshLayer: 0
  m_StaticEditorFlags: 0
  m_IsActive: 1
--- !u!224 &1397752325
RectTransform:
  m_ObjectHideFlags: 0
  m_PrefabParentObject: {fileID: 0}
  m_PrefabInternal: {fileID: 0}
  m_GameObject: {fileID: 1397752324}
  m_LocalRotation: {x: -0, y: -0, z: -0, w: 1}
  m_LocalPosition: {x: 0, y: 0, z: 0}
  m_LocalScale: {x: 1, y: 1, z: 1}
  m_LocalEulerAnglesHint: {x: 0, y: 0, z: 0}
  m_Children:
  - {fileID: 301116724}
  m_Father: {fileID: 1730442967}
  m_RootOrder: 0
  m_AnchorMin: {x: 0, y: 0}
  m_AnchorMax: {x: 1, y: 1}
  m_AnchoredPosition: {x: 0, y: 0}
  m_SizeDelta: {x: -78, y: -71}
  m_Pivot: {x: 0.5, y: 0.5}
--- !u!95 &1397752326
Animator:
  serializedVersion: 3
  m_ObjectHideFlags: 0
  m_PrefabParentObject: {fileID: 0}
  m_PrefabInternal: {fileID: 0}
  m_GameObject: {fileID: 1397752324}
  m_Enabled: 1
  m_Avatar: {fileID: 0}
  m_Controller: {fileID: 9100000, guid: ebcd3ee558646e2419f59d5c6bffc42c, type: 2}
  m_CullingMode: 0
  m_UpdateMode: 0
  m_ApplyRootMotion: 0
  m_LinearVelocityBlending: 0
  m_WarningMessage: 
  m_HasTransformHierarchy: 1
  m_AllowConstantClipSamplingOptimization: 1
--- !u!114 &1397752327
MonoBehaviour:
  m_ObjectHideFlags: 0
  m_PrefabParentObject: {fileID: 0}
  m_PrefabInternal: {fileID: 0}
  m_GameObject: {fileID: 1397752324}
  m_Enabled: 1
  m_EditorHideFlags: 0
  m_Script: {fileID: 1392445389, guid: f5f67c52d1564df4a8936ccd202a3bd8, type: 3}
  m_Name: 
  m_EditorClassIdentifier: 
  m_Navigation:
    m_Mode: 0
    m_SelectOnUp: {fileID: 0}
    m_SelectOnDown: {fileID: 0}
    m_SelectOnLeft: {fileID: 0}
    m_SelectOnRight: {fileID: 0}
  m_Transition: 3
  m_Colors:
    m_NormalColor: {r: 1, g: 1, b: 1, a: 1}
    m_HighlightedColor: {r: 0.9607843, g: 0.9607843, b: 0.9607843, a: 1}
    m_PressedColor: {r: 0.78431374, g: 0.78431374, b: 0.78431374, a: 1}
    m_DisabledColor: {r: 0.78431374, g: 0.78431374, b: 0.78431374, a: 0.5019608}
    m_ColorMultiplier: 1
    m_FadeDuration: 0.1
  m_SpriteState:
    m_HighlightedSprite: {fileID: 21300000, guid: 6f133b4a01a99cc47bc0360bcac43e68,
      type: 3}
    m_PressedSprite: {fileID: 21300000, guid: 6f133b4a01a99cc47bc0360bcac43e68, type: 3}
    m_DisabledSprite: {fileID: 0}
  m_AnimationTriggers:
    m_NormalTrigger: Normal
    m_HighlightedTrigger: Highlighted
    m_PressedTrigger: Pressed
    m_DisabledTrigger: Disabled
  m_Interactable: 1
  m_TargetGraphic: {fileID: 1397752328}
  m_OnClick:
    m_PersistentCalls:
      m_Calls:
      - m_Target: {fileID: 1711354229}
        m_MethodName: ChangeToScreen
        m_Mode: 3
        m_Arguments:
          m_ObjectArgument: {fileID: 0}
          m_ObjectArgumentAssemblyTypeName: UnityEngine.Object, UnityEngine
          m_IntArgument: 0
          m_FloatArgument: 0
          m_StringArgument: 
          m_BoolArgument: 0
        m_CallState: 2
    m_TypeName: UnityEngine.UI.Button+ButtonClickedEvent, UnityEngine.UI, Version=1.0.0.0,
      Culture=neutral, PublicKeyToken=null
--- !u!114 &1397752328
MonoBehaviour:
  m_ObjectHideFlags: 0
  m_PrefabParentObject: {fileID: 0}
  m_PrefabInternal: {fileID: 0}
  m_GameObject: {fileID: 1397752324}
  m_Enabled: 1
  m_EditorHideFlags: 0
  m_Script: {fileID: -765806418, guid: f5f67c52d1564df4a8936ccd202a3bd8, type: 3}
  m_Name: 
  m_EditorClassIdentifier: 
  m_Material: {fileID: 0}
  m_Color: {r: 1, g: 1, b: 1, a: 1}
  m_RaycastTarget: 1
  m_OnCullStateChanged:
    m_PersistentCalls:
      m_Calls: []
    m_TypeName: UnityEngine.UI.MaskableGraphic+CullStateChangedEvent, UnityEngine.UI,
      Version=1.0.0.0, Culture=neutral, PublicKeyToken=null
  m_Sprite: {fileID: 21300000, guid: 372ef87e9e40e3546bc67872e4570423, type: 3}
  m_Type: 0
  m_PreserveAspect: 0
  m_FillCenter: 1
  m_FillMethod: 4
  m_FillAmount: 1
  m_FillClockwise: 1
  m_FillOrigin: 0
--- !u!222 &1397752329
CanvasRenderer:
  m_ObjectHideFlags: 0
  m_PrefabParentObject: {fileID: 0}
  m_PrefabInternal: {fileID: 0}
  m_GameObject: {fileID: 1397752324}
--- !u!1 &1399475259
GameObject:
  m_ObjectHideFlags: 0
  m_PrefabParentObject: {fileID: 100002, guid: e431051b75d1f4d4b8a0292add5a62a7, type: 3}
  m_PrefabInternal: {fileID: 1218208172}
  serializedVersion: 4
  m_Component:
  - 4: {fileID: 1399475260}
  - 33: {fileID: 1399475262}
  - 23: {fileID: 1399475261}
  m_Layer: 0
  m_Name: 3x3_FITXA_VERMELLA
  m_TagString: Untagged
  m_Icon: {fileID: 0}
  m_NavMeshLayer: 0
  m_StaticEditorFlags: 0
  m_IsActive: 1
--- !u!4 &1399475260
Transform:
  m_ObjectHideFlags: 0
  m_PrefabParentObject: {fileID: 400002, guid: e431051b75d1f4d4b8a0292add5a62a7, type: 3}
  m_PrefabInternal: {fileID: 1218208172}
  m_GameObject: {fileID: 1399475259}
  m_LocalRotation: {x: -0.7071068, y: 0, z: -0, w: 0.7071067}
  m_LocalPosition: {x: 0.0083121825, y: 0.061476678, z: -0.04807828}
  m_LocalScale: {x: 2.1460786, y: 2.1460786, z: 2.1460786}
  m_LocalEulerAnglesHint: {x: 0, y: 0, z: 0}
  m_Children: []
  m_Father: {fileID: 1218208173}
  m_RootOrder: 1
--- !u!23 &1399475261
MeshRenderer:
  m_ObjectHideFlags: 0
  m_PrefabParentObject: {fileID: 2300002, guid: e431051b75d1f4d4b8a0292add5a62a7,
    type: 3}
  m_PrefabInternal: {fileID: 1218208172}
  m_GameObject: {fileID: 1399475259}
  m_Enabled: 1
  m_CastShadows: 1
  m_ReceiveShadows: 1
  m_MotionVectors: 1
  m_LightProbeUsage: 1
  m_ReflectionProbeUsage: 1
  m_Materials:
  - {fileID: 2100000, guid: 22e2818f8af024313a0ffcd5ec2d3c2b, type: 2}
  m_SubsetIndices: 
  m_StaticBatchRoot: {fileID: 0}
  m_ProbeAnchor: {fileID: 0}
  m_LightProbeVolumeOverride: {fileID: 0}
  m_ScaleInLightmap: 1
  m_PreserveUVs: 0
  m_IgnoreNormalsForChartDetection: 0
  m_ImportantGI: 0
  m_SelectedWireframeHidden: 0
  m_MinimumChartSize: 4
  m_AutoUVMaxDistance: 0.5
  m_AutoUVMaxAngle: 89
  m_LightmapParameters: {fileID: 0}
  m_SortingLayerID: 0
  m_SortingOrder: 0
--- !u!33 &1399475262
MeshFilter:
  m_ObjectHideFlags: 0
  m_PrefabParentObject: {fileID: 3300002, guid: e431051b75d1f4d4b8a0292add5a62a7,
    type: 3}
  m_PrefabInternal: {fileID: 1218208172}
  m_GameObject: {fileID: 1399475259}
  m_Mesh: {fileID: 4300002, guid: e431051b75d1f4d4b8a0292add5a62a7, type: 3}
--- !u!1001 &1465535576
Prefab:
  m_ObjectHideFlags: 0
  serializedVersion: 2
  m_Modification:
    m_TransformParent: {fileID: 1735917583}
    m_Modifications:
    - target: {fileID: 400000, guid: 276a288f9aa8e4a09a5472f6bd9b2686, type: 3}
      propertyPath: m_LocalPosition.x
      value: 0.26219603
      objectReference: {fileID: 0}
    - target: {fileID: 400000, guid: 276a288f9aa8e4a09a5472f6bd9b2686, type: 3}
      propertyPath: m_LocalPosition.y
      value: 0.3315779
      objectReference: {fileID: 0}
    - target: {fileID: 400000, guid: 276a288f9aa8e4a09a5472f6bd9b2686, type: 3}
      propertyPath: m_LocalPosition.z
      value: -0.33227336
      objectReference: {fileID: 0}
    - target: {fileID: 400000, guid: 276a288f9aa8e4a09a5472f6bd9b2686, type: 3}
      propertyPath: m_LocalRotation.x
      value: -0.61153585
      objectReference: {fileID: 0}
    - target: {fileID: 400000, guid: 276a288f9aa8e4a09a5472f6bd9b2686, type: 3}
      propertyPath: m_LocalRotation.y
      value: -0.35499847
      objectReference: {fileID: 0}
    - target: {fileID: 400000, guid: 276a288f9aa8e4a09a5472f6bd9b2686, type: 3}
      propertyPath: m_LocalRotation.z
      value: -0.3549985
      objectReference: {fileID: 0}
    - target: {fileID: 400000, guid: 276a288f9aa8e4a09a5472f6bd9b2686, type: 3}
      propertyPath: m_LocalRotation.w
      value: 0.61153585
      objectReference: {fileID: 0}
    - target: {fileID: 400000, guid: 276a288f9aa8e4a09a5472f6bd9b2686, type: 3}
      propertyPath: m_RootOrder
      value: 8
      objectReference: {fileID: 0}
    - target: {fileID: 400000, guid: 276a288f9aa8e4a09a5472f6bd9b2686, type: 3}
      propertyPath: m_LocalScale.x
      value: 1
      objectReference: {fileID: 0}
    - target: {fileID: 400000, guid: 276a288f9aa8e4a09a5472f6bd9b2686, type: 3}
      propertyPath: m_LocalScale.y
      value: 1
      objectReference: {fileID: 0}
    m_RemovedComponents: []
  m_ParentPrefab: {fileID: 100100000, guid: 276a288f9aa8e4a09a5472f6bd9b2686, type: 3}
  m_RootGameObject: {fileID: 932499139}
  m_IsPrefabParent: 0
--- !u!4 &1465535577
Transform:
  m_ObjectHideFlags: 0
  m_PrefabParentObject: {fileID: 400000, guid: 276a288f9aa8e4a09a5472f6bd9b2686, type: 3}
  m_PrefabInternal: {fileID: 1465535576}
  m_GameObject: {fileID: 932499139}
  m_LocalRotation: {x: -0.61153585, y: -0.35499847, z: -0.3549985, w: 0.61153585}
  m_LocalPosition: {x: 0.26219603, y: 0.3315779, z: -0.33227336}
  m_LocalScale: {x: 1, y: 1, z: 1}
  m_LocalEulerAnglesHint: {x: 0, y: 0, z: 0}
  m_Children: []
  m_Father: {fileID: 1735917583}
  m_RootOrder: 8
--- !u!1001 &1517577077
Prefab:
  m_ObjectHideFlags: 0
  serializedVersion: 2
  m_Modification:
    m_TransformParent: {fileID: 1735917583}
    m_Modifications:
    - target: {fileID: 400000, guid: 49127408ca0d44792885c926da7d7dca, type: 3}
      propertyPath: m_LocalPosition.x
      value: -0.48857114
      objectReference: {fileID: 0}
    - target: {fileID: 400000, guid: 49127408ca0d44792885c926da7d7dca, type: 3}
      propertyPath: m_LocalPosition.y
      value: -0.04410225
      objectReference: {fileID: 0}
    - target: {fileID: 400000, guid: 49127408ca0d44792885c926da7d7dca, type: 3}
      propertyPath: m_LocalPosition.z
      value: 0.14941514
      objectReference: {fileID: 0}
    - target: {fileID: 400000, guid: 49127408ca0d44792885c926da7d7dca, type: 3}
      propertyPath: m_LocalRotation.x
      value: -0.61153585
      objectReference: {fileID: 0}
    - target: {fileID: 400000, guid: 49127408ca0d44792885c926da7d7dca, type: 3}
      propertyPath: m_LocalRotation.y
      value: -0.35499847
      objectReference: {fileID: 0}
    - target: {fileID: 400000, guid: 49127408ca0d44792885c926da7d7dca, type: 3}
      propertyPath: m_LocalRotation.z
      value: -0.3549985
      objectReference: {fileID: 0}
    - target: {fileID: 400000, guid: 49127408ca0d44792885c926da7d7dca, type: 3}
      propertyPath: m_LocalRotation.w
      value: 0.61153585
      objectReference: {fileID: 0}
    - target: {fileID: 400000, guid: 49127408ca0d44792885c926da7d7dca, type: 3}
      propertyPath: m_RootOrder
      value: 2
      objectReference: {fileID: 0}
    - target: {fileID: 400000, guid: 49127408ca0d44792885c926da7d7dca, type: 3}
      propertyPath: m_LocalScale.x
      value: 1
      objectReference: {fileID: 0}
    - target: {fileID: 400000, guid: 49127408ca0d44792885c926da7d7dca, type: 3}
      propertyPath: m_LocalScale.y
      value: 1
      objectReference: {fileID: 0}
    m_RemovedComponents: []
  m_ParentPrefab: {fileID: 100100000, guid: 49127408ca0d44792885c926da7d7dca, type: 3}
  m_RootGameObject: {fileID: 1046376630}
  m_IsPrefabParent: 0
--- !u!4 &1517577078
Transform:
  m_ObjectHideFlags: 0
  m_PrefabParentObject: {fileID: 400000, guid: 49127408ca0d44792885c926da7d7dca, type: 3}
  m_PrefabInternal: {fileID: 1517577077}
  m_GameObject: {fileID: 1046376630}
  m_LocalRotation: {x: -0.61153585, y: -0.35499847, z: -0.3549985, w: 0.61153585}
  m_LocalPosition: {x: -0.48857114, y: -0.04410225, z: 0.14941514}
  m_LocalScale: {x: 1, y: 1, z: 1}
  m_LocalEulerAnglesHint: {x: 0, y: 0, z: 0}
  m_Children: []
  m_Father: {fileID: 1735917583}
  m_RootOrder: 2
--- !u!1001 &1567582783
Prefab:
  m_ObjectHideFlags: 0
  serializedVersion: 2
  m_Modification:
    m_TransformParent: {fileID: 1735917583}
    m_Modifications:
    - target: {fileID: 400000, guid: 7328b9d532bb4456ba00f3d3e1a5189a, type: 3}
      propertyPath: m_LocalPosition.x
      value: -0.12973869
      objectReference: {fileID: 0}
    - target: {fileID: 400000, guid: 7328b9d532bb4456ba00f3d3e1a5189a, type: 3}
      propertyPath: m_LocalPosition.y
      value: 0.13941473
      objectReference: {fileID: 0}
    - target: {fileID: 400000, guid: 7328b9d532bb4456ba00f3d3e1a5189a, type: 3}
      propertyPath: m_LocalPosition.z
      value: 0.7472176
      objectReference: {fileID: 0}
    - target: {fileID: 400000, guid: 7328b9d532bb4456ba00f3d3e1a5189a, type: 3}
      propertyPath: m_LocalRotation.x
      value: -0.61153585
      objectReference: {fileID: 0}
    - target: {fileID: 400000, guid: 7328b9d532bb4456ba00f3d3e1a5189a, type: 3}
      propertyPath: m_LocalRotation.y
      value: -0.35499847
      objectReference: {fileID: 0}
    - target: {fileID: 400000, guid: 7328b9d532bb4456ba00f3d3e1a5189a, type: 3}
      propertyPath: m_LocalRotation.z
      value: -0.3549985
      objectReference: {fileID: 0}
    - target: {fileID: 400000, guid: 7328b9d532bb4456ba00f3d3e1a5189a, type: 3}
      propertyPath: m_LocalRotation.w
      value: 0.61153585
      objectReference: {fileID: 0}
    - target: {fileID: 400000, guid: 7328b9d532bb4456ba00f3d3e1a5189a, type: 3}
      propertyPath: m_RootOrder
      value: 0
      objectReference: {fileID: 0}
    - target: {fileID: 400000, guid: 7328b9d532bb4456ba00f3d3e1a5189a, type: 3}
      propertyPath: m_LocalScale.x
      value: 1
      objectReference: {fileID: 0}
    - target: {fileID: 400000, guid: 7328b9d532bb4456ba00f3d3e1a5189a, type: 3}
      propertyPath: m_LocalScale.y
      value: 1
      objectReference: {fileID: 0}
    m_RemovedComponents: []
  m_ParentPrefab: {fileID: 100100000, guid: 7328b9d532bb4456ba00f3d3e1a5189a, type: 3}
  m_RootGameObject: {fileID: 322258477}
  m_IsPrefabParent: 0
--- !u!4 &1567582784
Transform:
  m_ObjectHideFlags: 0
  m_PrefabParentObject: {fileID: 400000, guid: 7328b9d532bb4456ba00f3d3e1a5189a, type: 3}
  m_PrefabInternal: {fileID: 1567582783}
  m_GameObject: {fileID: 322258477}
  m_LocalRotation: {x: -0.61153585, y: -0.35499847, z: -0.3549985, w: 0.61153585}
  m_LocalPosition: {x: -0.12973869, y: 0.13941473, z: 0.7472176}
  m_LocalScale: {x: 1, y: 1, z: 1}
  m_LocalEulerAnglesHint: {x: 0, y: 0, z: 0}
  m_Children: []
  m_Father: {fileID: 1735917583}
  m_RootOrder: 0
--- !u!1 &1711354224
GameObject:
  m_ObjectHideFlags: 0
  m_PrefabParentObject: {fileID: 0}
  m_PrefabInternal: {fileID: 0}
  serializedVersion: 4
  m_Component:
  - 224: {fileID: 1711354228}
  - 223: {fileID: 1711354227}
  - 114: {fileID: 1711354226}
  - 114: {fileID: 1711354225}
  - 114: {fileID: 1711354229}
  m_Layer: 5
  m_Name: Canvas
  m_TagString: Untagged
  m_Icon: {fileID: 0}
  m_NavMeshLayer: 0
  m_StaticEditorFlags: 0
  m_IsActive: 1
--- !u!114 &1711354225
MonoBehaviour:
  m_ObjectHideFlags: 0
  m_PrefabParentObject: {fileID: 0}
  m_PrefabInternal: {fileID: 0}
  m_GameObject: {fileID: 1711354224}
  m_Enabled: 1
  m_EditorHideFlags: 0
  m_Script: {fileID: 1301386320, guid: f5f67c52d1564df4a8936ccd202a3bd8, type: 3}
  m_Name: 
  m_EditorClassIdentifier: 
  m_IgnoreReversedGraphics: 1
  m_BlockingObjects: 0
  m_BlockingMask:
    serializedVersion: 2
    m_Bits: 4294967295
--- !u!114 &1711354226
MonoBehaviour:
  m_ObjectHideFlags: 0
  m_PrefabParentObject: {fileID: 0}
  m_PrefabInternal: {fileID: 0}
  m_GameObject: {fileID: 1711354224}
  m_Enabled: 1
  m_EditorHideFlags: 0
  m_Script: {fileID: 1980459831, guid: f5f67c52d1564df4a8936ccd202a3bd8, type: 3}
  m_Name: 
  m_EditorClassIdentifier: 
  m_UiScaleMode: 0
  m_ReferencePixelsPerUnit: 100
  m_ScaleFactor: 1
  m_ReferenceResolution: {x: 800, y: 600}
  m_ScreenMatchMode: 0
  m_MatchWidthOrHeight: 0
  m_PhysicalUnit: 3
  m_FallbackScreenDPI: 96
  m_DefaultSpriteDPI: 96
  m_DynamicPixelsPerUnit: 1
--- !u!223 &1711354227
Canvas:
  m_ObjectHideFlags: 0
  m_PrefabParentObject: {fileID: 0}
  m_PrefabInternal: {fileID: 0}
  m_GameObject: {fileID: 1711354224}
  m_Enabled: 1
  serializedVersion: 2
  m_RenderMode: 0
  m_Camera: {fileID: 0}
  m_PlaneDistance: 100
  m_PixelPerfect: 0
  m_ReceivesEvents: 1
  m_OverrideSorting: 0
  m_OverridePixelPerfect: 0
  m_SortingBucketNormalizedSize: 0
  m_SortingLayerID: 0
  m_SortingOrder: 0
  m_TargetDisplay: 0
--- !u!224 &1711354228
RectTransform:
  m_ObjectHideFlags: 0
  m_PrefabParentObject: {fileID: 0}
  m_PrefabInternal: {fileID: 0}
  m_GameObject: {fileID: 1711354224}
  m_LocalRotation: {x: 0, y: 0, z: 0, w: 1}
  m_LocalPosition: {x: 0, y: 0, z: 0}
  m_LocalScale: {x: 0, y: 0, z: 0}
  m_LocalEulerAnglesHint: {x: 0, y: 0, z: 0}
  m_Children:
  - {fileID: 1730442967}
  m_Father: {fileID: 0}
  m_RootOrder: 3
  m_AnchorMin: {x: 0, y: 0}
  m_AnchorMax: {x: 0, y: 0}
  m_AnchoredPosition: {x: 0, y: 0}
  m_SizeDelta: {x: 0, y: 0}
  m_Pivot: {x: 0, y: 0}
--- !u!114 &1711354229
MonoBehaviour:
  m_ObjectHideFlags: 0
  m_PrefabParentObject: {fileID: 0}
  m_PrefabInternal: {fileID: 0}
  m_GameObject: {fileID: 1711354224}
  m_Enabled: 1
  m_EditorHideFlags: 0
  m_Script: {fileID: 11500000, guid: ff70370f777a5a24d8ccce30314e8df7, type: 3}
  m_Name: 
  m_EditorClassIdentifier: 
--- !u!1 &1730442966
GameObject:
  m_ObjectHideFlags: 0
  m_PrefabParentObject: {fileID: 0}
  m_PrefabInternal: {fileID: 0}
  serializedVersion: 4
  m_Component:
  - 224: {fileID: 1730442967}
  - 222: {fileID: 1730442970}
  - 114: {fileID: 1730442969}
  - 114: {fileID: 1730442968}
  m_Layer: 5
  m_Name: Panel
  m_TagString: Untagged
  m_Icon: {fileID: 0}
  m_NavMeshLayer: 0
  m_StaticEditorFlags: 0
  m_IsActive: 1
--- !u!224 &1730442967
RectTransform:
  m_ObjectHideFlags: 0
  m_PrefabParentObject: {fileID: 0}
  m_PrefabInternal: {fileID: 0}
  m_GameObject: {fileID: 1730442966}
  m_LocalRotation: {x: -0, y: -0, z: -0, w: 1}
  m_LocalPosition: {x: 0, y: 0, z: 0}
  m_LocalScale: {x: 1, y: 1, z: 1}
  m_LocalEulerAnglesHint: {x: 0, y: 0, z: 0}
  m_Children:
  - {fileID: 1397752325}
  m_Father: {fileID: 1711354228}
  m_RootOrder: 0
  m_AnchorMin: {x: 0, y: 0}
  m_AnchorMax: {x: 1, y: 1}
  m_AnchoredPosition: {x: 277, y: 154.3}
  m_SizeDelta: {x: -555, y: -309}
  m_Pivot: {x: 0.5, y: 0.5}
--- !u!114 &1730442968
MonoBehaviour:
  m_ObjectHideFlags: 0
  m_PrefabParentObject: {fileID: 0}
  m_PrefabInternal: {fileID: 0}
  m_GameObject: {fileID: 1730442966}
  m_Enabled: 1
  m_EditorHideFlags: 0
  m_Script: {fileID: 11500000, guid: 568c3204f1e8cee468a7949b03f4a76b, type: 3}
  m_Name: 
  m_EditorClassIdentifier: 
--- !u!114 &1730442969
MonoBehaviour:
  m_ObjectHideFlags: 0
  m_PrefabParentObject: {fileID: 0}
  m_PrefabInternal: {fileID: 0}
  m_GameObject: {fileID: 1730442966}
  m_Enabled: 1
  m_EditorHideFlags: 0
  m_Script: {fileID: -765806418, guid: f5f67c52d1564df4a8936ccd202a3bd8, type: 3}
  m_Name: 
  m_EditorClassIdentifier: 
  m_Material: {fileID: 0}
  m_Color: {r: 1, g: 1, b: 1, a: 1}
  m_RaycastTarget: 1
  m_OnCullStateChanged:
    m_PersistentCalls:
      m_Calls: []
    m_TypeName: UnityEngine.UI.MaskableGraphic+CullStateChangedEvent, UnityEngine.UI,
      Version=1.0.0.0, Culture=neutral, PublicKeyToken=null
  m_Sprite: {fileID: 21300000, guid: 9a73834f9c3192d4fb99f6bdec5ab5b0, type: 3}
  m_Type: 1
  m_PreserveAspect: 0
  m_FillCenter: 1
  m_FillMethod: 4
  m_FillAmount: 1
  m_FillClockwise: 1
  m_FillOrigin: 0
--- !u!222 &1730442970
CanvasRenderer:
  m_ObjectHideFlags: 0
  m_PrefabParentObject: {fileID: 0}
  m_PrefabInternal: {fileID: 0}
  m_GameObject: {fileID: 1730442966}
--- !u!1 &1735917582
GameObject:
  m_ObjectHideFlags: 0
  m_PrefabParentObject: {fileID: 0}
  m_PrefabInternal: {fileID: 0}
  serializedVersion: 4
  m_Component:
  - 4: {fileID: 1735917583}
  m_Layer: 0
  m_Name: StarSpace
  m_TagString: Untagged
  m_Icon: {fileID: 0}
  m_NavMeshLayer: 0
  m_StaticEditorFlags: 0
  m_IsActive: 1
--- !u!4 &1735917583
Transform:
  m_ObjectHideFlags: 0
  m_PrefabParentObject: {fileID: 0}
  m_PrefabInternal: {fileID: 0}
  m_GameObject: {fileID: 1735917582}
  m_LocalRotation: {x: 0, y: 0, z: 0, w: 1}
  m_LocalPosition: {x: 0, y: 0, z: 0}
  m_LocalScale: {x: 15, y: 15, z: 15}
  m_LocalEulerAnglesHint: {x: 0, y: 0, z: 0}
  m_Children:
  - {fileID: 1567582784}
  - {fileID: 1985344601}
  - {fileID: 1517577078}
  - {fileID: 1302453356}
  - {fileID: 1218208173}
  - {fileID: 470159715}
  - {fileID: 392168543}
  - {fileID: 1045880718}
  - {fileID: 1465535577}
  m_Father: {fileID: 0}
  m_RootOrder: 1
--- !u!1 &1891622731
GameObject:
  m_ObjectHideFlags: 0
  m_PrefabParentObject: {fileID: 100002, guid: e2cf4d86fbf744165b07152fb17b1265, type: 3}
  m_PrefabInternal: {fileID: 1985344600}
  serializedVersion: 4
  m_Component:
  - 4: {fileID: 1891622732}
  - 33: {fileID: 1891622734}
  - 23: {fileID: 1891622733}
  m_Layer: 0
  m_Name: BotoSimon_Blau
  m_TagString: Untagged
  m_Icon: {fileID: 0}
  m_NavMeshLayer: 0
  m_StaticEditorFlags: 0
  m_IsActive: 1
--- !u!4 &1891622732
Transform:
  m_ObjectHideFlags: 0
  m_PrefabParentObject: {fileID: 400002, guid: e2cf4d86fbf744165b07152fb17b1265, type: 3}
  m_PrefabInternal: {fileID: 1985344600}
  m_GameObject: {fileID: 1891622731}
  m_LocalRotation: {x: -0.5455563, y: -0.44985372, z: -0.44985378, w: 0.5455562}
  m_LocalPosition: {x: -0.5800842, y: -0.07327501, z: -1.6708808}
  m_LocalScale: {x: 1, y: 1, z: 1}
  m_LocalEulerAnglesHint: {x: 0, y: 0, z: 0}
  m_Children: []
  m_Father: {fileID: 1985344601}
  m_RootOrder: 0
--- !u!23 &1891622733
MeshRenderer:
  m_ObjectHideFlags: 0
  m_PrefabParentObject: {fileID: 2300000, guid: e2cf4d86fbf744165b07152fb17b1265,
    type: 3}
  m_PrefabInternal: {fileID: 1985344600}
  m_GameObject: {fileID: 1891622731}
  m_Enabled: 1
  m_CastShadows: 1
  m_ReceiveShadows: 1
  m_MotionVectors: 1
  m_LightProbeUsage: 1
  m_ReflectionProbeUsage: 1
  m_Materials:
  - {fileID: 2100000, guid: a8339c2db00a74eb3a650bf34814a634, type: 2}
  m_SubsetIndices: 
  m_StaticBatchRoot: {fileID: 0}
  m_ProbeAnchor: {fileID: 0}
  m_LightProbeVolumeOverride: {fileID: 0}
  m_ScaleInLightmap: 1
  m_PreserveUVs: 0
  m_IgnoreNormalsForChartDetection: 0
  m_ImportantGI: 0
  m_SelectedWireframeHidden: 0
  m_MinimumChartSize: 4
  m_AutoUVMaxDistance: 0.5
  m_AutoUVMaxAngle: 89
  m_LightmapParameters: {fileID: 0}
  m_SortingLayerID: 0
  m_SortingOrder: 0
--- !u!33 &1891622734
MeshFilter:
  m_ObjectHideFlags: 0
  m_PrefabParentObject: {fileID: 3300000, guid: e2cf4d86fbf744165b07152fb17b1265,
    type: 3}
  m_PrefabInternal: {fileID: 1985344600}
  m_GameObject: {fileID: 1891622731}
  m_Mesh: {fileID: 4300004, guid: e2cf4d86fbf744165b07152fb17b1265, type: 3}
--- !u!1001 &1985344600
Prefab:
  m_ObjectHideFlags: 0
  serializedVersion: 2
  m_Modification:
    m_TransformParent: {fileID: 1735917583}
    m_Modifications:
    - target: {fileID: 400000, guid: e2cf4d86fbf744165b07152fb17b1265, type: 3}
      propertyPath: m_LocalPosition.x
      value: -0.069452584
      objectReference: {fileID: 0}
    - target: {fileID: 400000, guid: e2cf4d86fbf744165b07152fb17b1265, type: 3}
      propertyPath: m_LocalPosition.y
      value: 0.3058151
      objectReference: {fileID: 0}
    - target: {fileID: 400000, guid: e2cf4d86fbf744165b07152fb17b1265, type: 3}
      propertyPath: m_LocalPosition.z
      value: 1.5959206
      objectReference: {fileID: 0}
    - target: {fileID: 400000, guid: e2cf4d86fbf744165b07152fb17b1265, type: 3}
      propertyPath: m_LocalRotation.x
      value: -0
      objectReference: {fileID: 0}
    - target: {fileID: 400000, guid: e2cf4d86fbf744165b07152fb17b1265, type: 3}
      propertyPath: m_LocalRotation.y
      value: -0
      objectReference: {fileID: 0}
    - target: {fileID: 400000, guid: e2cf4d86fbf744165b07152fb17b1265, type: 3}
      propertyPath: m_LocalRotation.z
      value: -0
      objectReference: {fileID: 0}
    - target: {fileID: 400000, guid: e2cf4d86fbf744165b07152fb17b1265, type: 3}
      propertyPath: m_LocalRotation.w
      value: 1
      objectReference: {fileID: 0}
    - target: {fileID: 400000, guid: e2cf4d86fbf744165b07152fb17b1265, type: 3}
      propertyPath: m_RootOrder
      value: 1
      objectReference: {fileID: 0}
    m_RemovedComponents: []
  m_ParentPrefab: {fileID: 100100000, guid: e2cf4d86fbf744165b07152fb17b1265, type: 3}
  m_RootGameObject: {fileID: 663128494}
  m_IsPrefabParent: 0
--- !u!4 &1985344601
Transform:
  m_ObjectHideFlags: 0
  m_PrefabParentObject: {fileID: 400000, guid: e2cf4d86fbf744165b07152fb17b1265, type: 3}
  m_PrefabInternal: {fileID: 1985344600}
  m_GameObject: {fileID: 663128494}
  m_LocalRotation: {x: -0, y: -0, z: -0, w: 1}
  m_LocalPosition: {x: -0.069452584, y: 0.3058151, z: 1.5959206}
  m_LocalScale: {x: 1, y: 1, z: 1}
  m_LocalEulerAnglesHint: {x: 0, y: 0, z: 0}
  m_Children:
  - {fileID: 1891622732}
  - {fileID: 1026151321}
  - {fileID: 631387328}
  - {fileID: 937166421}
  m_Father: {fileID: 1735917583}
  m_RootOrder: 1
--- !u!1 &2044706061
GameObject:
  m_ObjectHideFlags: 0
  m_PrefabParentObject: {fileID: 100000, guid: 12798b2e8a9ec4a36af55920bfeaa278, type: 3}
  m_PrefabInternal: {fileID: 392168542}
  serializedVersion: 4
  m_Component:
  - 4: {fileID: 392168543}
  - 33: {fileID: 2044706064}
  - 23: {fileID: 2044706063}
  - 95: {fileID: 2044706062}
  m_Layer: 0
  m_Name: Base_3x3
  m_TagString: Untagged
  m_Icon: {fileID: 0}
  m_NavMeshLayer: 0
  m_StaticEditorFlags: 0
  m_IsActive: 1
--- !u!95 &2044706062
Animator:
  serializedVersion: 3
  m_ObjectHideFlags: 0
  m_PrefabParentObject: {fileID: 9500000, guid: 12798b2e8a9ec4a36af55920bfeaa278,
    type: 3}
  m_PrefabInternal: {fileID: 392168542}
  m_GameObject: {fileID: 2044706061}
  m_Enabled: 1
  m_Avatar: {fileID: 9000000, guid: 12798b2e8a9ec4a36af55920bfeaa278, type: 3}
  m_Controller: {fileID: 0}
  m_CullingMode: 0
  m_UpdateMode: 0
  m_ApplyRootMotion: 0
  m_LinearVelocityBlending: 0
  m_WarningMessage: 
  m_HasTransformHierarchy: 1
  m_AllowConstantClipSamplingOptimization: 1
--- !u!23 &2044706063
MeshRenderer:
  m_ObjectHideFlags: 0
  m_PrefabParentObject: {fileID: 2300000, guid: 12798b2e8a9ec4a36af55920bfeaa278,
    type: 3}
  m_PrefabInternal: {fileID: 392168542}
  m_GameObject: {fileID: 2044706061}
  m_Enabled: 1
  m_CastShadows: 1
  m_ReceiveShadows: 1
  m_MotionVectors: 1
  m_LightProbeUsage: 1
  m_ReflectionProbeUsage: 1
  m_Materials:
  - {fileID: 2100000, guid: f763822766f1c45c2b82a194ac4d2d3c, type: 2}
  - {fileID: 2100000, guid: f763822766f1c45c2b82a194ac4d2d3c, type: 2}
  - {fileID: 2100000, guid: f763822766f1c45c2b82a194ac4d2d3c, type: 2}
  - {fileID: 2100000, guid: f763822766f1c45c2b82a194ac4d2d3c, type: 2}
  - {fileID: 2100000, guid: f763822766f1c45c2b82a194ac4d2d3c, type: 2}
  - {fileID: 2100000, guid: f763822766f1c45c2b82a194ac4d2d3c, type: 2}
  - {fileID: 2100000, guid: f763822766f1c45c2b82a194ac4d2d3c, type: 2}
  - {fileID: 2100000, guid: f763822766f1c45c2b82a194ac4d2d3c, type: 2}
  - {fileID: 2100000, guid: f763822766f1c45c2b82a194ac4d2d3c, type: 2}
  - {fileID: 2100000, guid: f763822766f1c45c2b82a194ac4d2d3c, type: 2}
  m_SubsetIndices: 
  m_StaticBatchRoot: {fileID: 0}
  m_ProbeAnchor: {fileID: 0}
  m_LightProbeVolumeOverride: {fileID: 0}
  m_ScaleInLightmap: 1
  m_PreserveUVs: 0
  m_IgnoreNormalsForChartDetection: 0
  m_ImportantGI: 0
  m_SelectedWireframeHidden: 0
  m_MinimumChartSize: 4
  m_AutoUVMaxDistance: 0.5
  m_AutoUVMaxAngle: 89
  m_LightmapParameters: {fileID: 0}
  m_SortingLayerID: 0
  m_SortingOrder: 0
--- !u!33 &2044706064
MeshFilter:
  m_ObjectHideFlags: 0
  m_PrefabParentObject: {fileID: 3300000, guid: 12798b2e8a9ec4a36af55920bfeaa278,
    type: 3}
  m_PrefabInternal: {fileID: 392168542}
  m_GameObject: {fileID: 2044706061}
  m_Mesh: {fileID: 4300000, guid: 12798b2e8a9ec4a36af55920bfeaa278, type: 3}
